2219 3048
921 140 952 179 69

7 269 17 289 a
70 254 130 292 locum
140 259 231 305 occupet,
239 253 319 305 perinde
328 252 374 291 utin
385 251 471 304 hominis,
479 255 512 292 τοῦ
523 251 599 306 βραχέος
606 251 684 305 κόσμου,
694 262 759 294 natura
768 254 863 293 innnnlua
876 243 961 307 iano?

38 347 41 356 ‹
68 323 175 365 interraso
190 328 209 360 et
223 324 333 375 discincto
347 324 465 375 interpositus
480 328 518 373 est,
533 322 571 360 hoc
578 323 684 373 planissime
697 333 785 371 constare·
791 325 877 363 arbitror.
907 325 959 392 Sed,

30 406 32 415 '
70 393 226 443 quemadmodum
233 393 363 445 ipsa'Plrilonis
371 393 468 444 theologia
482 393 558 431 dirersis
571 406 593 431 ex
612 393 707 431 elementis
722 396 799 433 conflata
819 400 857 442 est,
876 394 902 431 ita
912 396 958 443 aas]

38 458 41 474 ³
69 464 114 503 θείου
122 462 176 516 λόγου
189 476 244 512 quam
252 464 346 502 notionem
357 463 450 513 exhibuit,
465 464 496 502 illa
508 476 544 514 pro
554 459 662 512 auctorum,
679 475 726 512 quos
735 460 957 514 ‘seqnitur,rarictate,i

70 534 129 571 varios
137 532 214 572 subinde
225 535 296 572 colores
307 533 364 571 duxit.
393 532 469 570 Etenim
483 530 507 570 ex
514 532 587 584 vulgari
602 530 720 571 Judaeorurn
733 531 820 582 opinione
832 534 856 572 de
868 533 958 586 angelis}

69 609 134 653 utpote
150 603 233 642 ministris
248 604 284 641 Dei
298 600 368 654 geniis,
393 607 421 639 est
439 601 470 640 ille
490 604 600 653 angelorum
615 604 714 654 princeps,
734 599 898 655 &sidrutem
923 596 956 653 exa]

69 679 132 710 mente
150 672 243 711 doctrinae
259 661 367 710 Platonicae
386 677 414 709 est
436 668 489 712 ἰδέα
507 673 582 722 ἰδεῶν,
608 670 682 718 ceteras
697 685 761 710 omnes
778 672 831 710 ideas
853 673 893 710 sinu
912 654 954 712 suo¹

70 742 178 792 complexa,
196 755 296 793 rerumque
310 742 394 781 omnium
408 737 492 793 τόμος,
517 736 629 794 σφραγίς
650 754 673 779 ex
685 742 791 780 Stoicorum
810 742 902 780 sententia
921 748 958 797 est,

70 808 557 869 11111111111111111Ιί,κυ1νόςλόγοςόδυοὶποίντυν
573 807 708 862 ἐμχόμενος;
724 811 805 861 denique
815 824 838 849 ex
848 798 958 856 cannanei

70 880 186 919 ‹Iudaeorum
196 881 274 919 decretis
285 886 313 919 est
320 881 408 933 princeps
418 881 473 919 trium
481 881 554 918 illarum
564 883 596 916 aut
603 884 687 930 septem,
703 886 733 916 aut
747 881 813 919 decem
825 872 945 932 sophirarunr
989 915 991 918 .

69 948 186 1002 (δυνάμεων),
199 964 244 1000 quas
253 957 346 1002 perpetuo
353 951 430 988 flumine
439 963 463 988 ex
470 948 517 988 Deo
525 951 611 987 emanare
623 949 705 998 Deoque
713 949 732 985 in
741 962 804 999 rernm
812 953 894 989 omnium
905 952 944 990 sive

19 1071 20 1074 Ἰ
44 1011 46 1014 ’
70 1019 162 1059 creatione
171 1020 208 1057 sive
217 1020 541 1071 administrationeinservire,fania
551 1024 596 1059 erat.
615 1020 665 1057 Nam
674 1018 759 1075 doctrina
767 1018 791 1056 de
800 1019 878 1069 sepiriris
886 1022 945 1071 perti-

68 1089 124 1125 nebat
138 1089 162 1126 ad
175 1089 290 1140 disciplinam
301 1089 375 1138 arcani,
393 1103 449 1140 quam
461 1102 519 1140 quum
530 1090 608 1140 vulgare
625 1088 711 1139 religioni
726 1088 837 1136 duceretur,
852 1102 890 1126 non
902 1103 946 1127 casu

69 1158 150 1207 quodam
159 1158 244 1208 fortuito,
260 1158 294 1196 sed
302 1159 405 1196 deliberato
416 1159 490 1196 consilio
498 1159 542 1195 fecit
550 1164 621 1205 noster,
636 1165 657 1194 ut
667 1158 754 1209 orationis
765 1158 887 1208 ambignitate
898 1144 946 1207 qua-¹

69 1227 112 1264 darn
127 1240 167 1265 rem
183 1223 282 1265 obscurans
296 1220 411 1278 significaret
425 1228 488 1276 potius
499 1227 581 1276 initiatis,
602 1239 657 1275 quam
667 1229 723 1277 plane
736 1227 841 1264 declararet
854 1228 945 1278 prrrfanis.

68 1297 123 1343 Quae
133 1297 209 1346 quidem
218 1288 377 1347 philosophorum
388 1295 457 1345 placita
469 1309 526 1345 quum
535 1297 581 1333 inter
594 1309 614 1333 se
628 1295 700 1332 diuersa
711 1300 781 1342 essent,
797 1303 816 1333 ct
829 1295 903 1347 aurrlgi
914 1297 944 1333 in-
991 1304 992 1307 ’

68 1367 169 1417 telligentia
177 1379 269 1415 serrsuqne
277 1370 355 1413 remota,
370 1369 409 1401 tum
420 1377 465 1402 vero
477 1370 568 1412 anostro,
582 1364 656 1402 dicendi
669 1365 749 1413 artifice,
762 1377 800 1401 non
810 1366 881 1411 solnm,
895 1359 945 1403 inul-
968 1384 970 1425 μ

68 1436 89 1473 tis
97 1436 233 1473 simulationum
241 1435 339 1472 involucris
351 1439 369 1471 et
378 1433 430 1484 quasi
438 1435 483 1472 velis
493 1433 606 1483 quibusdam
615 1433 771 1483 obtenderentur,
787 1434 821 1471 sed
831 1435 886 1471 etiam
899 1435 945 1472 inter

68 1518 87 1542 se
96 1505 175 1542 inuicem
183 1504 208 1540 ita
216 1502 374 1541 confunderentur
383 1517 405 1540 ac
411 1504 578 1554 permiscerentur,
592 1508 613 1540 ut
621 1500 685 1554 λόγος,
696 1500 779 1553 ἄγγελοι,
795 1501 875 1555 χάριτες,
891 1505 944 1552 ἰδέαι,
964 1499 967 1554 J

67 1572 131 1622 τόποι,
146 1573 255 1626 ομμαγίδες,
271 1574 340 1625 μέτρον,
355 1570 441 1624 δυνάμεις
450 1585 508 1610 unum
518 1572 605 1621 idemque
615 1576 710 1620 sonarent,
725 1584 762 1608 non
770 1572 942 1625 mirum'profecto,

35 1649 36 1652 ’
67 1643 149 1680 Philonis
160 1642 259 1679 lectionem
269 1641 325 1691 dum,
341 1654 390 1690 quae
398 1641 506 1692 theologiae
520 1640 559 1690 ejus
575 1641 666 1677 elementa
678 1644 748 1689 essent,
763 1652 801 1677 non
812 1641 884 1690 liquido
897 1654 942 1679 con·
956 1655 958 1662 ¹

39 1702 41 1705 V
67 1717 134 1760 staret,
149 1717 187 1748 tam
199 1711 313 1764 impeditam
327 1711 388 1747 multis
401 1723 441 1747 esse
450 1711 517 1758 visam,
533 1722 573 1746 earn
580 1714 601 1746 ut
607 1722 669 1760 prope
679 1709 745 1747 abesse
751 1708 860 1759 judicarent
868 1711 892 1747 ab
903 1711 943 1748 Ae-

67 1794 113 1817 neae
121 1782 146 1818 ad
153 1781 222 1819 inferos
230 1781 329 1826 descensu,
346 1778 402 1826 quem
409 1779 466 1815 talem
477 1779 534 1816 fuisse
544 1779 616 1829 scripsit
626 1779 724 1829 Virgilius,
737 1780 795 1832 ¹quale
807 1792 842 1830 per
853 1781 943 1818 incertam

67 1850 130 1886 lunam
139 1850 173 1887 sub
185 1850 226 1885 luce
235 1849 316 1897 maligna
330 1852 358 1884 est
367 1847 402 1885 iter
413 1848 432 1885 in
445 1848 504 1898 siluis,
524 1849 557 1885 ubi
571 1849 644 1886 coelum
656 1847 739 1886 condidit
757 1849 824 1886 umbra
836 1848 911 1898 Jupiter
924 1855 944 1887 et
996 1873 998 1876 -

66 1919 121 1955 rebus
129 1931 166 1954 nox
174 1917 249 1954 abstulit
257 1921 297 1953 atra
306 1917 389 1954 colorem
402 1917 458 1967 (nen.
469 1920 488 1965 6,
499 1919 563 1968 270).
898 1907 900 1910 ι

150 1986 189 2024 Sed
197 1987 254 2023 finem
263 1986 383 2037 disputationi
391 1987 488 2037 imponere
499 2000 557 2036 quum
567 1989 654 2026 solemnis
662 1988 701 2038 ejus
712 1985 757 2034 diei,
766 1986 818 2036 cujus
832 1986 943 2026 indicendae

67 2055 943 2108 causaeaconscriptaest,appropinquatiojuhcut,tumrerobeneficiorurninmecollatorurrr

66 2128 155 2164 mensoria
164 2131 182 2162 et
192 2125 330 2176 exoptatissima
338 2126 412 2175 pictatis
421 2127 496 2176 publice
505 2126 629 2163 declarandae
641 2124 768 2175 opportunitas
783 2125 862 2176 flagitat.
892 2127 940 2164 Nam

66 2208 123 2246 quum
140 2194 268 2246 Angustissimi
283 2199 302 2231 et
320 2195 444 2232 Potentissimi
457 2195 518 2245 Regis
536 2196 638 2243 Saroniae,
655 2193 767 2232 ANTONII
783 2194 939 2233 CLErIEu‘Trs

66 2263 208 2305 THEODORI
216 2263 310 2315 auspiciis,
319 2263 406 2300 Virorum
414 2263 589 2312 illustrissimorum,
598 2255 636 2314 ¹qni
647 2276 737 2301 sunnnarn
751 2277 814 2302 rernrrr
824 2264 940 2315 euangelica-

66 2348 106 2374 rnm
116 2346 151 2384 per
159 2338 216 2370 terras
224 2334 294 2383 patrias
306 2331 349 2370 cura
363 2328 497 2383 sapientissima
510 2333 646 2381 administrant,
665 2334 741 2370 consilio
755 2339 811 2384 atque
825 2334 939 2383 auctoritate,

66 2406 142 2444 Summe
151 2402 265 2439 Venerabilis
274 2400 418 2453 Theologorum
428 2401 502 2440 Ordinis
518 2402 679 2439 commendatione
692 2408 710 2439 et
722 2403 741 2439 in
752 2416 783 2441 me
796 2403 878 2443 ornando
895 2415 941 2439 con-

66 2486 131 2521 sensu,
138 2484 203 2510 munus
211 2470 324 2508 Professoris
336 2472 453 2523 Theologiae
463 2471 535 2508 Publici
544 2471 637 2509 Ordinarii
645 2472 747 2521 Lipsiensis
760 2472 804 2508 mihi
813 2471 940 2510 lronorificen-
962 2492 964 2497 ·

66 2544 135 2581 tissime
146 2540 278 2580 demandatum
287 2540 318 2589 sit,
326 2553 351 2578 ne
359 2543 390 2579 vel
397 2542 444 2579 mori
450 2541 541 2592 majorum
549 2542 579 2579 vel
586 2541 650 2579 officio
660 2555 681 2579 ac
689 2542 751 2593 potius
761 2541 824 2590 pietati
834 2542 900 2581 deesse
911 2543 939 2579 vi„
