2219 3048
115 148 144 187 14

117 260 146 304 οῦν
162 263 183 301 έκ
197 261 257 313 ψυχῆς
272 256 390 310 νοσήματος
406 256 497 305 συνεστός
520 255 646 307 νοῦν,λόγον,
666 255 805 306 α’ίοθησινέχειν
819 254 876 293 δοκῶν
896 251 947 293 οῦδὲν
964 253 997 295 ad·

116 326 203 373 τῆν’ίδιον
214 327 296 381 εὑρίσκω.
327 331 380 380 160,
398 330 429 368 13.
445 326 484 368 ἀλλ’
499 326 570 380 όλόγος
579 328 643 377 κτῆμα
659 321 722 376 ἐμὸνή
736 322 761 362 τά
776 327 837 377 φωνῆς
853 322 932 377 όργανα;
950 325 996 371 177,

118 403 150 441 12.
164 397 190 438 τά
204 412 222 449 μ.
235 393 266 438 οὖν
280 397 364 447 τ.τάξει
379 402 444 451 πρῶτα
465 400 493 444 (τ.
510 397 571 448 ψυχῆς
589 393 696 446 κινήματα)
715 391 795 432 τοιαῦτά
810 394 857 432 ἐστιν
875 404 915 421 -·
930 391 997 446 τροφή,

117 469 204 521 αὔξησις,
220 467 294 522 όρασις,
310 467 369 520 άκοή,
385 471 452 519 γεῦσις,
467 464 566 517 όσφρησις,
582 461 636 517 οίφή,
651 461 715 513 λόγος,
730 463 772 507 νοῦς
784 475 811 510 sq.
825 463 872 513 182,
888 464 919 502 17.
935 461 998 503 πάντα

117 539 174 581 αῦτοῦ
183 537 280 592 κτήματα,
285 539 318 578 καὶ
329 537 353 577 τά
363 534 414 581 ἐκτός
424 533 483 573 καὶτὸ
495 535 550 583 σῶμα
559 531 612 584 καὶή
622 532 706 582 α’ίσθησις
714 527 761 570 καίό
772 528 825 581 λόγος
831 533 864 572 καὶ
872 530 881 572 ό
888 534 929 578 νοῦς
935 533 968 572 καὶ
978 533 998 572 αἱ

117 608 190 651 πάντων
199 609 285 661 ἐνέργειαι
294 606 327 645 καί
336 604 400 644 ὄυσίαι.
417 604 463 651 182,
473 603 508 645 36,
519 603 565 650 199,
576 604 594 641 7.
604 600 651 656 λόγῳ
663 598 771 653 χρήσασθαι,
782 601 792 637 i.
805 614 820 637 e.
831 600 887 653 loqui.
900 603 947 642 199.
964 604 997 643 19.

118 678 232 734 πηγήλόγων
238 674 308 715 διάνοια
319 687 335 712 κ.
346 668 419 722 στόμιον
426 670 485 723 αῦτῆς
490 669 550 723 λόγος,
556 670 585 712 ὅτι
593 670 619 712 τά
630 668 787 724 ένθυμήματαδιά
796 669 998 723 τοῦτου-άναχεῖται

119 752 153 793 καὶ
164 740 247 802 έρμγνεθς
259 743 297 780 ἐστι
308 740 341 780 καὶ
350 741 448 793 προφήτης
457 756 474 781 κ.
486 740 588 795 θεοπρόπος.
607 744 661 792 209,
678 743 703 781 11
710 763 738 769 -
746 742 778 781 18.
792 742 827 791 τῆς
837 738 928 796 ήμετέρας
937 743 998 796 ψυχῆς

120 841 147 849 ..
158 816 225 869 φωνῆεν
237 809 278 850 ’όσον
287 808 372 862 λογικὸν,
388 808 397 848 ὃ
407 808 431 861 δή
440 809 492 863 μόνον
501 814 569 852 έννοιαν
579 814 643 866 είληφε
654 814 698 851 θεοῦ.
709 834 737 839 -
747 804 800 850 τοῦν
811 812 889 862 ζωτικῆς
898 809 997 864 δυνάμεως,

119 884 141 939 ἧς
150 884 171 936 τὸ
181 881 265 927 οῦσιῦδες
277 878 335 931 αἷμα,
351 877 406 933 μοῖρά
416 894 444 926 τις
452 872 543 933 ἐξαίρετον
555 883 597 932 ’έσχε
607 883 663 934 γέρας
672 879 733 933 φωνήν
743 880 777 919 καί
785 877 844 930 λόγον,
856 879 876 920 οῦ
884 880 905 921 τὸ
915 879 946 921 διά
956 879 997 924 στί,-

118 967 176 1008 ματος
186 952 220 992 καὶ
229 946 313 1001 γλώττης
323 949 362 1002 ῥέον
373 952 435 1001 νάμα,
451 946 501 988 οίλλά
515 948 549 1000 τήν
560 948 628 1001 πηγήν,
644 948 675 1003 ἀφ’
688 946 712 1002 ῆς
722 951 742 990 αἱ
756 952 789 990 τοῦ
801 954 911 1003 προφορικοῦ
922 950 998 1003 δεξαμε-

117 1025 148 1065 ναὶ
156 1021 268 1075 πληροῦσθαι
278 1017 387 1072 πεφύκασιν.
416 1020 468 1068 216,
484 1020 503 1058 7.
519 1017 611 1076 ἐξέρχεται
623 1017 631 1058 ὃ
641 1018 696 1072 λόγος
709 1022 747 1066 τοῖς
761 1017 881 1072 διανοήμασιν
894 1018 998 1072 ὑπαντησό-

118 1107 170 1147 μενος
179 1106 197 1131 κ.
208 1090 297 1143 ἐπιτρέχει
311 1086 415 1136 σπουδάζων
431 1089 545 1140 καταλαβεῖν
560 1085 611 1127 αῦτά
628 1086 659 1127 διά
672 1087 703 1127 τόν
715 1091 748 1128 τοῦ
764 1086 844 1141 μηνῦσαι
855 1087 913 1129 πόθον.
935 1105 952 1130 ν.
965 1093 997 1130 10.

119 1165 153 1204 20.
163 1160 197 1203 25.
212 1158 256 1198 ὅταν
266 1155 327 1210 άκρως
337 1158 406 1210 εἴδομεν
418 1155 432 1197 οἳ
443 1160 524 1210 λέγομεν,
539 1159 605 1211 χαίρων
615 1157 648 1197 καὶ
658 1156 739 1209 γεγηθός
749 1156 758 1197 ὁ
769 1156 822 1210 λόγος
833 1159 997 1211 έμφαντικωτάτων

118 1249 136 1273 κ.
145 1231 210 1283 κυρίων
222 1224 314 1280 ὀνομάτων
323 1229 401 1266 πλουτεῖ.
417 1240 434 1265 v.
443 1230 476 1269 36.
487 1230 520 1268 41.
536 1225 583 1281 μόνφ
591 1229 617 1280 τῷ
631 1248 659 1255 -
674 1228 766 1282 σπουδαίῳ
774 1225 821 1281 λόγῳ
831 1226 917 1280 προςήκει
925 1227 997 1279 μηνύειν

118 1300 144 1341 τά
153 1295 272 1351 ἐνθυμήματα
288 1297 348 1350 ψυχῆς
358 1297 431 1342 τελείας
449 1295 493 1337 όντα
507 1294 637 1349 βλαστήματα.
664 1296 687 1334 cf.
704 1298 766 1335 ν.43.
795 1298 848 1347 221,
863 1300 897 1338 36.
912 1297 999 1352 Ἀβραάμ

119 1394 148 1401 --
158 1365 230 1420 πατρὸς
240 1364 294 1415 οἶκον,
305 1365 326 1405 τό
338 1368 398 1417 σῶμα,
413 1363 448 1416 τήν
459 1365 548 1417 α’ίσθησιν,
556 1364 587 1404 τόν
599 1362 651 1416 λόγον
661 1363 773 1404 καταλιπών.
789 1369 837 1415 223,
853 1369 886 1407 20,
901 1365 922 1406 τό
932 1365 997 1418 άλογον

119 1456 136 1481 τ,
147 1440 208 1493 ψυχῆς
218 1437 243 1481 είς
255 1433 302 1475 έπτά
312 1436 417 1485 διανέμεται
427 1434 500 1487 μοίρας
517 1432 591 1487 ὅρασιν,
606 1431 706 1486 όσφρησιν,
721 1431 790 1484 άκοῆν,
805 1437 877 1486 γεῦσιν,
892 1433 953 1488 ἁφήν,
968 1434 999 1475 λό-

120 1522 164 1561 γον,
179 1503 257 1558 γόνιμον.
268 1516 285 1542 ν,
297 1502 330 1542 45.
341 1504 410 1554 ἔχουσιν
426 1503 443 1541 οἱ
453 1503 505 1555 σοφοὶ
515 1504 549 1542 καί
562 1501 614 1554 λόγον
627 1500 746 1553 οίκηλιδωτον.
763 1503 786 1542 cs.
797 1506 851 1553 224,
867 1507 885 1544 3.
902 1506 934 1545 13.
949 1507 998 1552 236,

120 1581 139 1618 3,
154 1582 192 1613 tres
201 1573 284 1611 civitates
293 1571 367 1621 (Exod.
382 1571 462 1620 1,11.)
477 1576 519 1608 sunt
525 1574 576 1620 νοῦς,
592 1572 686 1621 αἴσθησις,
701 1570 754 1624 λόγος
766 1571 792 1612 τά
802 1574 842 1626 περὶ
854 1571 906 1626 ήμάς
920 1571 970 1614 ’σ’ντα.
985 1572 997 1625 ἡ

120 1649 152 1700 μὲν
163 1643 201 1697 γάρ
212 1638 279 1682 πυθάὸ
292 1638 345 1692 λόγος
357 1641 417 1690 ἐστίν,
433 1639 461 1680 ότι
469 1640 510 1691 περὶ
518 1642 582 1678 τοῦτον
593 1639 614 1679 τό
623 1640 693 1679 πείθειν.
706 1640 730 1678 ih.
739 1653 756 1678 v.
768 1644 787 1680 6,
803 1643 851 1691 320⁷
866 1644 899 1683 32,
914 1642 960 1695 πρὸς
969 1658 998 1683 τε.

119 1714 207 1766 λειότητα
212 1712 264 1766 χρεία
275 1712 308 1749 τοῦ
318 1711 402 1761 διχηλείν,
412 1706 431 1748 ίν’
445 1707 453 1748 ὁ
463 1707 516 1757 λόγος
526 1707 558 1747 διά
568 1707 661 1761 στόματος
672 1729 697 1735 -
710 1709 752 1759 ῥέον
768 1711 819 1761 χειλη
828 1712 935 1763 διαστειλη,
945 1711 966 1752 τό
978 1727 999 1752 τε

120 1785 210 1839 ὠφέλιμον
219 1777 280 1821 καὶτὸ
293 1776 385 1830 ἐπιζήμιον
397 1775 469 1830 μνήμης
478 1780 541 1828 γένους
555 1775 606 1824 εἶδος.
636 1779 688 1826 434,
704 1777 737 1817 35.
753 1775 790 1817 οῦδ
808 1777 830 1818 άν
844 1777 939 1831 γεῦσαιντο
954 1781 999 1833 ῥῖνες

121 1852 157 1896 οὔτ’
168 1847 193 1894 αὖ
202 1848 256 1903 λόγος
267 1847 317 1888 οῦδὲν
328 1846 351 1887 σίν
360 1848 396 1887 τόν
407 1844 459 1885 κατοὶ
468 1844 503 1893 τάς
512 1845 605 1899 αἰσθήσεις
612 1845 671 1887 πάθοι.
698 1847 747 1896 444,
765 1848 796 1887 12.
808 1846 858 1900 φωνή
874 1848 924 1897 (vox
930 1850 998 1888 huma-

121 1938 150 1963 na.
166 1924 218 1971 443,
233 1919 283 1969 47.)
298 1918 318 1956 δὲ
329 1913 364 1955 οὐδ’
376 1913 401 1961 (ὃς
417 1912 507 1955 άκουστὸν
517 1914 553 1956 οὐδ’
564 1914 588 1963 ὦς
602 1919 656 1968 σῶμα
671 1916 703 1965 (v.
721 1917 765 1966 6),
780 1918 796 1956 εἰ
807 1915 831 1969 δή
842 1918 875 1957 καὶ
885 1917 939 1971 σῶμά
949 1922 998 1961 ἐστιν

123 1992 185 2048 ὁρατὸν
195 1989 252 2039 εἶναι,
267 1990 360 2039 πέφυκεν,
376 1982 426 2024 άλλά
436 1981 467 2023 δόο
478 1988 540 2024 ταῦτα
551 1989 586 2024 τῦν
597 1988 614 2025 έν
623 1984 666 2038 ήμῐν
681 1984 756 2038 άόρατα
771 1988 812 2032 νοῦς
825 1987 858 2026 καὶ
869 1985 927 2040 λόγος,
949 1991 998 2038 448,

124 2062 156 2104 45.
171 2057 272 2113 θπηχήσεις
280 2053 331 2106 αὐτῷ
347 2054 425 2105 [Moses
433 2054 507 2093 Aaroni.
516 2053 577 2091 Exod.
587 2057 607 2104 4,
616 2055 657 2104 15.)
669 2053 695 2094 τά
706 2052 825 2107 ἐνθυμήματα
833 2055 847 2096 ά
856 2056 941 2110 ῥημάτων
946 2072 964 2097 κ.
969 2056 998 2097 λό-

124 2145 160 2184 γον
170 2129 266 2183 άδιαφορεί
275 2125 329 2166 θείων.
340 2122 396 2165 ’Άνευ
405 2121 442 2176 γάρ
456 2125 488 2163 τοῦ
502 2119 604 2174 ῦποβόλεως
620 2121 640 2162 ου’
656 2122 753 2176 φθέγξεται
764 2121 776 2165 ὁ,
788 2122 852 2177 λόγος,
866 2124 966 2176 θποβολεῦς
978 2128 999 2166 δὲ

123 2197 179 2252 λόγου
189 2202 229 2245 νοῦς
237 2195 260 2244 ως
270 2197 301 2235 νοῦ
312 2192 355 2241 θεός.
364 2194 389 2233 cf.
398 2194 447 2243 449,
457 2192 528 2251 1-5.
543 2193 592 2242 473,
607 2194 641 2233 21.
656 2190 665 2231 ό
677 2191 729 2232 κατά
739 2190 821 2233 διάνοιαν
832 2192 890 2245 λόγος,
902 2206 938 2232 vox
946 2208 998 2233 men-

122 2270 151 2308 tis.
167 2265 216 2314 457,
230 2268 262 2306 21.
277 2268 337 2317 σῦμα,
352 2285 380 2293 —
395 2260 452 2317 ψυχή,
467 2282 495 2290 -
510 2262 600 2313 αίσθησις,
614 2284 643 2290 -
657 2259 720 2315 λόγος’
732 2262 784 2311 460,
799 2265 832 2301 28.
847 2265 888 2302 νοῦν
904 2261 998 2305 άποδυσά-

122 2349 174 2392 μενον
186 2336 251 2386 σῶμα,
265 2335 359 2386 α’ίσθησιν,
373 2330 432 2385 λόγον.
449 2331 472 2370 cf.
484 2334 537 2381 436,
553 2333 585 2372 13.
596 2345 613 2370 v.
626 2332 659 2372 50.
672 2328 799 2384 φιλοσοφήσας
813 2327 832 2380 (ὃ
840 2333 893 2384 νοῦς)
906 2331 933 2373 ’τὰ
946 2332 998 2374 κατὰ

123 2406 206 2448 τὸνίδιον
215 2400 263 2443 οἶκον
278 2404 303 2452 [v.
314 2405 345 2443 17.
361 2404 410 2454 36.)
425 2401 451 2442 τά
459 2402 500 2454 περὶ
510 2400 594 2453 σώματος
608 2423 638 2430 —
653 2397 754 2450 αἰσθήσεως
768 2420 796 2427 -—
810 2398 868 2452 λόγου.
879 2404 928 2454 471,
944 2406 963 2457 7.
978 2404 998 2443 τί

122 2474 176 2529 λόγος
183 2474 216 2515 καὶ
225 2472 278 2513 τίνων
286 2469 377 2522 γενόμενος
390 2469 476 2526 ἑρμηνεὺς
489 2467 534 2523 πρὸς
548 2471 686 2525 καλοκαγαθίαν
704 2466 838 2520 συμβάλλεταις
854 2472 906 2522 482,
921 2475 955 2513 36.
971 2472 996 2525 μή

124 2543 176 2598 μόνον
185 2546 226 2598 γῆν,
241 2540 262 2584 τό
274 2541 328 2592 σῶμα
337 2553 354 2579 κ.
364 2545 473 2594 συγγένειαν,
487 2541 572 2592 αίσθησιν
579 2542 613 2580 καὶ
622 2537 670 2580 οῖκον
682 2536 761 2593 πατρὸς,
776 2538 870 2593 τὸνλόγον
882 2542 996 2594 καταλίπῃς·
