2219 3048
959 146 973 183 5

88 264 139 307 κοιτά
149 265 180 307 τόν
192 265 229 315 βίον
239 262 296 315 λόγον
306 262 339 304 καί
348 259 417 317 ἔργον).ι
425 266 444 312 2,
460 264 514 312 438,
531 264 563 303 17.
574 277 591 301 τ.
603 260 692 314 εύγενείας
699 263 831 319 διαζευγνύντο.
841 260 906 304 ἔαυτόν
917 264 936 302 ἔν
947 275 969 300 τε

51 365 52 369 .
87 323 146 389 λόγοις
155 334 263 385 ααὶέργοις.
276 335 299 383 2,
315 332 365 384 445,
384 336 415 374 12.
431 330 473 386 μήτ’
484 334 543 387 ἔργοις
555 329 602 384 μήτε
613 330 674 383 λόγοις
683 332 773 383 δημύδεσι
783 337 866 389 χρῆσθαι.
881 336 902 383 2,
917 334 967 380 460,

89 407 120 444 13.
131 402 194 455 >λόγοις
205 403 305 449 ἐπαινετοῖς
315 406 407 443 σπουδαῖα
418 404 464 457 ἔργα
474 399 580 456 συνυφηνας
597 401 606 451 ί
612 401 641 440 οίί.
652 414 669 439 v.
681 402 713 440 14.
725 402 767 452 16.)
781 407 800 452 2,
814 404 863 454 523,
879 405 898 443 8.
909 403 968 455 ἔργοις

86 475 119 513 καὶ
129 472 190 525 λόγοις
197 468 278 525 ὑβρίζειν.
294 474 342 523 260,
358 474 391 514 42.
402 470 451 525 ή-ἔν
462 470 522 522 λόγοις
529 472 562 513 καὶ
572 474 632 526 ἔργοις
640 469 731 523 εὐσέβεια.
745 470 794 520 295,
809 474 840 512 45.
851 471 937 518 ἀστείους
947 486 966 523 μ.
1000 515 1002 517 ,

86 540 158 594 λόγους,
173 541 269 589 ἐπαινετάς
282 544 302 583 δὲ
313 541 392 595 πράξεις.
406 542 455 592 352,
471 543 505 583 45.
519 543 553 583 καὶ
567 543 584 581 ἐν
597 539 658 594 λόγοις
671 541 704 581 καὶ
716 542 733 580 ἔν
750 541 809 592 ἔργοις
818 561 847 568 -
859 543 966 594 διαφωνοῦν.

87 611 140 661 353,
158 610 189 650 10.
205 613 263 665 ἔργοις
276 627 297 652 τε
311 613 344 651 καὶ
358 610 419 664 λόγοις
434 610 567 666 ἀρχαιοτρόπου
581 608 676 662 ζηλόσεος
691 612 772 665 ἐρῶντες.
799 608 853 658 354,
873 612 904 649 11,
919 609 967 663 μήτε

85 678 132 734 λόγῳ
143 677 191 732 μήτε
205 682 249 736 ἔργρ
260 678 395 735 διαμαρτάνειν.
411 682 459 731 369,
476 683 509 720 10.
524 678 635 721 ἀντιδιδόναι
648 703 678 711 -
691 678 758 734 λόγους
772 681 835 732 ἔργον
865 681 917 728 423,
933 683 966 720 23.

85 748 155 802 ἀσεβῶν
168 746 243 802 ’πράξεις
257 749 388 797 ἀδίκους-καί
398 748 463 802 λόγους
478 747 522 796 τούς
535 747 645 803 συνηγόρους
658 748 730 797 αῦταῖς.
744 749 797 800 456,
812 750 845 789 10.
859 746 924 794 πάσας
938 746 977 799 ἀεὶΙ

83 820 117 859 καὶ
130 823 224 871 πανταχοῦ
238 818 355 874 (προστάξεις
365 834 382 859 τ.
396 821 446 870 θεοῦ)
456 820 514 871 ἔργοις
525 832 546 857 τε
554 831 572 857 κ.
581 814 643 869 λόγοις
654 817 784 871 βεβαιούμενος.
798 820 847 868 682,
861 820 896 859 37.
905 812 968 870 ἐγγύς-

83 884 255 942 τάγαθόνακαρδίρι,
271 886 432 943 στόματι,’χερσίν
440 888 505 938 (Dent.
514 889 549 938 30,
562 887 603 937 14.)
614 885 636 926 τό
645 884 660 926 δ’
669 888 707 926 ἐστι
717 889 798 941 διανοίᾳ,
813 886 867 943 λόγῳ,
882 885 967 941 πράξεσι.

82 959 132 1008 241,
145 957 177 998 15.
191 959 208 996 ἐν
220 954 285 1010 λόγοις,
301 959 319 996 ἐν
332 961 412 1009 βουλαῖς,
425 960 443 998 ἐν
453 954 536 1011 πράξεσι.
550 970 567 995 v.
578 959 611 997 33.
625 953 703 1010 σύνιρδον
715 955 809 1010 ἀποφῆναι
822 956 875 1010 λόγον
884 957 965 1011 διανοίᾳ,

81 1025 163 1067 διάνοιαν
171 1028 246 1082 δὲἔργμ
254 1030 274 1078 2,
285 1028 317 1076 16,
328 1029 347 1067 3.
363 1025 431 1080 βουλάς
439 1024 512 1079 ἀγαθάς
518 1026 552 1067 ναὶ
559 1024 624 1079 λόγους
633 1026 748 1073 σπουδαίους.
757 1039 775 1064 v.
781 1028 812 1066 14.
825 1027 894 1074 ἐννοίας
900 1029 964 1068 ααλῦν

80 1094 267 1150 πράξευνιιοιίλόγων.
274 1094 294 1147 2,
306 1099 314 1137 1
322 1099 354 1147 19,
362 1100 396 1138 26.
406 1095 457 1149 γ’γ’θεοι
465 1097 498 1137 καὶ
506 1095 566 1148 λόγοις
574 1097 648 1147 βουλαίς
652 1111 673 1136 τε
678 1097 712 1137 καὶ
718 1094 806 1150 πράξεσιν
814 1093 910 1141 ἀσπόνδοις
919 1091 965 1146 χρώ-

81 1179 138 1217 μενος.
153 1169 173 1216 2,
186 1167 232 1216 145,
246 1164 279 1207 1οζ
288 1168 445 1218 τελειογονηθηναι
452 1164 496 1212 τοῦς
505 1163 574 1219 ἀρετῆς
581 1164 664 1219 καρπούς
670 1164 703 1207 διά
710 1181 732 1206 τε
739 1163 797 1219 λόγον
805 1166 838 1206 οιαὶ
845 1162 933 1218 πράξεων.
943 1165 963 1210 2,

80 1222 129 1285 251,
136 1237 156 1275 4.
165 1239 234 1275 κακιῶν
244 1238 279 1275 τῶν
290 1238 308 1275 ἔν
315 1249 337 1274 τε
345 1233 406 1286 λόγοις
413 1234 447 1274 καὶ
456 1232 539 1288 πράξεσι.
549 1237 570 1284 2,
580 1237 628 1284 327,
639 1237 672 1275 30.
688 1233 721 1275 ὁέν
729 1233 811 1291 ὑπαίθρῳ
822 1236 860 1287 βίος
867 1231 899 1273 διά
906 1231 963 1284 λόγον

78 1292 199 1359 καὶπράξεων
206 1303 258 1345 κατὰ
265 1301 522 1357 πολέμουςκαὶκατάέιρήνην
530 1300 617 1357 ἀνδράσιν
629 1303 731 1357 ἐφαρμόζει.
736 1309 756 1356 2,
763 1307 812 1355 406,
818 1307 850 1346 44.
861 1303 904 1344 όταν
909 1301 962 1349 οἷοςό

78 1372 131 1427 λόγος
141 1373 205 1415 τοιάδε
212 1372 224 1426 6
231 1372 294 1427 γνώμη
303 1374 337 1413 καὶ
344 1372 380 1413 οἷον
389 1372 410 1413 τό
421 1372 513 1425 βούλευμα
521 1370 604 1424 τοιάδεή
613 1373 680 1427 πρᾶξις
689 1374 782 1422 ἐπαινετὸς
791 1374 824 1415 καί
832 1377 898 1431 τέλειος
906 1372 915 1414 ό
923 1376 966 1426 βίος

78 1444 101 1480 cf.
107 1445 156 1493 421,
165 1446 199 1484 20.
214 1447 234 1493 2,
243 1443 291 1496 425,
300 1445 334 1483 29.
349 1444 382 1482 τοῦ
390 1441 422 1482 διό.
431 1440 488 1495 λόγον
495 1442 529 1481 καὶ
537 1440 620 1495 πράξεων
629 1445 756 1496 κοινωφελοῦς.
765 1448 786 1494 2,
800 1443 849 1495 456,
858 1447 876 1485 6.
890 1443 959 1497 λόγους,

76 1511 162 1565 πράξεις,
177 1511 244 1564 βουλάς
253 1512 287 1563 (ad
296 1513 351 1551 Dent.
365 1513 459 1562 30,.11.)Ἰ
472 1515 492 1561 2,
503 1513 553 1561 469,
565 1514 599 1553 30.
613 1511 786 1565 λόγονβουλήμασι
796 1514 829 1554 καὶ
841 1512 959 1568 βουλημάτον

76 1580 136 1634 λόγοις
149 1579 267 1636 συνᾳδόντων.
280 1584 300 1631 2,
313 1583 361 1631 669,
377 1580 409 1621 15.
422 1579 498 1633 ἡγεμόνι
505 1584 583 1635 χρῆσθαι
594 1584 626 1636 θεῷ
638 1582 671 1622 καὶ
678 1581 806 1636 βουλευμάτων
818 1583 851 1623 καὶ
862 1582 919 1636 λόγον
926 1585 960 1624 καὶ

75 1648 164 1704 πράξεων.
173 1652 222 1701 273,
238 1652 272 1691 46.
285 1648 311 1690 τά
318 1651 493 1703 καταββυπαίνοντα
502 1649 532 1690 τόν
544 1652 581 1701 βίον
595 1653 613 1690 ἔν
623 1665 645 1690 τε
659 1650 720 1704 λόγοις
732 1653 764 1692 καὶ
779 1652 834 1691 ε’ίδεσι
846 1651 879 1692 οιαὶ
893 1646 958 1704 ἔργοις.

75 1720 167 1770 435,14.
181 1719 241 1773 λόγοις
253 1720 287 1760 καὶ
300 1721 374 1772 βουλαῖς
381 1721 417 1760 καὶι
428 1718 514 1772 πράξεσιν
525 1716 630 1770 ἀδοκίμοις·
634 1718 729 1772 χριόμενος.
741 1722 790 1770 440,
804 1721 821 1760 1,
834 1734 862 1771 sq.
872 1718 960 1774 τροφεύς·

74 1787 153 1829 ἀστείων
158 1791 220 1843 ἔργον,
228 1787 291 1842 λόγον,
300 1787 432 1840 βουλευμάτων.
441 1787 489 1837 519,
498 1789 531 1828 24.
546 1783 605 1839 ἀρετὴ
613 1784 643 1826 ἀεὶ
651 1787 779 1844 γεννηῖᾒλόγους
786 1787 871 1836 ἀστείους
878 1791 911 1830 καὶ
917 1792 959 1841 βου-

73 1856 109 1904 λάς
116 1856 252 1909 ἀνεπιλήπτους.
258 1859 292 1897 οιαὶ
300 1855 483 1910 ε’παινετοὶςπράξεις.
495 1878 521 1885 -
541 1856 569 1907 g)
577 1853 731 1911 λόγος-γράμμα.
744 1858 793 1909 355,
809 1860 842 1899 36.
861 1857 882 1898 οῦ
897 1856 960 1911 λόγοις

73 1925 126 1979 μόνον
136 1925 230 1967 ἀλλὰκαὶ
235 1925 332 1980 γράμμασι
338 1924 373 1976 την
383 1927 485 1980 μαρτυρίαν
494 1928 644 1978 οημαινομένους,
655 1928 745 1965 indicium
752 1929 771 1965 in
781 1940 836 1965 causa
845 1928 923 1967 forensi.
930 1951 959 1958 -

16 2023 17 2026 =
72 1996 95 2047 1ο)
104 1994 217 2048 λόγος-βίος.
236 1998 257 2045 2,
269 1995 307 2044 35,
321 1995 359 2036 25.
379 1997 404 2042 εἰς
412 1993 501 2050 ἁρμονίαν
516 1993 571 2048 λόγου
587 1996 621 2035 καὶ
633 1997 678 2048 βίου,
688 1995 707 2036 ἔν’·
718 1994 843 2049 οἷοςόλόγος,
851 1996 958 2045 τοιοῦτοςό

72 2061 275 2116 βίοςνιαὶοίοςόβίος,
287 2063 451 2118 τοιοῦτοςόλόγος
463 2062 589 2113 ἐξετάζονται,
610 2068 630 2115 2,
646 2066 692 2116 153,
712 2069 731 2105 3.
750 2063 798 2120 λόγιρ
811 2067 846 2106 καὶ
860 2069 907 2123 ἔργῳ
926 2069 958 2107 καὶ

71 2136 104 2188 βίῳ
116 2135 172 2175 παντὶ
184 2132 299 2187 καθαρεύειν·
315 2132 368 2187 λόγον
379 2134 415 2187 μὲν
424 2131 461 2187 γάρ
474 2131 523 2186 ἀκοὴ
535 2133 611 2184 δικάζει.
632 2136 679 2184 444,
692 2137 725 2175 33.
741 2132 768 2175 τά
782 2136 824 2189 περὶ
834 2134 866 2175 τὸν
880 2138 917 2189 βίον
925 2139 957 2178 καὶ

70 2200 123 2253 λόγον
135 2201 276 2258 κατορθώματα.
288 2203 338 2252 529,
350 2206 369 2243 3.
379 2201 416 2255 όῑμ,
430 2202 484 2255 λόγος
493 2203 593 2254 ἐπαινετὸς,
604 2202 612 2245 ό
624 2204 644 2243 δὲ
653 2203 690 2254 βίος
700 2202 774 2257 ψεκτός.
786 2204 836 2256 563,
851 2208 887 2247 16..
898 2204 954 2259 είρμόν

70 2270 103 2310 καί
112 2269 221 2313 ἀκολουθίαν
228 2271 286 2326 λόγου
293 2270 338 2325 πρὸς
350 2272 387 2323 βίον
398 2272 432 2311 καί.
442 2273 481 2323 βίου
491 2270 538 2324 πρὸς
545 2270 604 2323 λόγον

154 2341 179 2389 2)
186 2342 274 2392 Locutio,
284 2342 345 2391 dictio,
355 2341 416 2391 sive-is
423 2346 474 2378 actus
483 2341 557 2379 dicendi
567 2341 595 2389 sit,
602 2342 640 2379 sive
643 2346 734 2393 potestas,
743 2345 782 2383 sive
792 2345 863 2383 modus.
872 2345 894 2395 α)
902 2349 954 2382 actus

70 2407 149 2447 dicendi.
165 2411 199 2458 60,
209 2412 243 2450 42.
255 2412 337 2465 περὶτοῦ
345 2413 429 2463 ποταμοῦ
438 2407 512 2462 όλόγος
522 2412 558 2460 71,
563 2413 583 2451 2.
597 2411 638 2463 περὶ
648 2413 681 2450 τοῦ
690 2410 746 2464 μήπω
754 2415 865 2466 ἐνδεδεμένον
879 2414 893 2451 ἔ.
906 2411 921 2453 ό.
936 2416 953 2455 λ,

69 2491 86 2517 v.
97 2480 129 2520 19.
139 2478 173 2527 77,
184 2477 218 2518 52.
229 2481 307 2528 78,,11.
319 2484 366 2533 102,
377 2484 408 2522 10.
424 2483 470 2530 194,
481 2482 500 2520 6.
513 2481 562 2529 294,
571 2481 590 2519 4.
605 2481 654 2530 303,
663 2483 698 2522 34.
710 2485 759 2534 310,
767 2487 786 2524 2.
800 2484 847 2531 313,
858 2483 893 2523 44.
905 2486 955 2534 317,

68 2547 88 2588 5.
97 2550 146 2599 324,
155 2546 291 2597 27.545‚.22.
301 2552 321 2599 2,
332 2553 381 2602 447,
395 2554 428 2593 36.
441 2564 480 2602 syn.
490 2553 510 2600 2,
523 2551 571 2601 448,
582 2554 601 2591 4.
610 2552 718 2606 σκέψις-
732 2554 779 2600 434,
792 2552 824 2590 11.
837 2549 898 2606 ὥσπερ
907 2552 953 2607 ἀμέ-
