2219 3048
93 168 121 209 52

88 285 120 332 ,(ν.
131 282 173 332 15.)
186 288 263 333 spectat.
280 284 330 333 497,
343 286 377 330 20.
388 283 442 339 ,ἀρχὴ
450 281 535 337 γενέσεως
546 283 555 326 ὁ
565 284 606 332 ίεός.
623 289 667 322 Utut
675 287 775 336 acceperis,
789 285 973 329 Philonemlrabebis

94 354 244 400 consentientem,
252 358 319 404 utpote
329 356 360 405 qui
370 355 404 405 52,
416 358 433 395 1.
442 356 507 408 σοφίαν
515 367 589 404 qnoque
599 353 642 391 dicit
653 351 728 406 ἀρχὴν
738 369 755 394 κ.
762 351 823 394 εἰκόνα
831 370 849 395 κ.
857 354 919 409 ὅρασιν
929 359 973 398 θεοῦ.

179 422 199 472 0]
220 420 294 475 ὄνομα
306 427 358 465 Θεοῦ
374 438 410 463 non
423 429 451 462 est
463 427 627 473 tetragrammaton
639 421 685 458 illud
699 425 842 474 sanctissimum,
860 426 911 474 quod
923 433 974 465 tanta

93 492 140 529 inter
152 491 238 530 Judaeos
251 494 343 545 religione
358 493 462 538 colebatur,
477 497 506 538 ut,
521 491 585 540 siquis
597 492 675 541 vulgare
690 504 744 529 arisus
759 498 812 541 esset,
829 495 888 546 capite
899 496 973 546 plecte—

92 567 144 599 retur
156 561 191 611 (de
203 564 239 600 col.
251 576 291 613 par.
302 576 322 612 p.
334 565 367 610 29,
381 563 399 600 7.
414 563 448 610 30,
464 562 481 599 1.
496 560 525 597 cll.
538 562 572 610 31,
585 561 603 599 6.
619 563 639 609 2,
655 560 702 609 152,
719 561 770 612 ld),
784 575 846 613 neque
859 576 926 602 nomen
936 565 973 603 Ilei

92 634 111 669 in
122 632 240 679 universnm,
255 643 316 679 quum,
326 635 458 680 praeterquam
471 629 523 679 qnod
536 625 544 668 ὃ
559 627 582 668 da
597 628 669 677 dieitur,
686 628 769 680 (lignum
779 631 821 669 Deo
834 646 901 671 nomen
915 647 972 672 exco-

93 702 150 754 gitari
161 705 239 749 nequeat
254 698 311 748 (655,
327 700 359 738 31.
380 701 446 749 2,19,
462 700 479 738 1.
500 701 520 748 2,
533 700 567 748 92,
580 699 634 749 46.];
654 700 862 739 nominarerumenim
875 715 917 740 cnm
930 703 972 753 ipsa

93 784 155 809 rerum
167 774 230 807 natura
242 769 350 817 convenire,
365 781 409 805 cnm
422 769 500 806 Platone
511 773 530 805 et
541 767 607 805 Stoicis
623 770 711 807 censebat
721 774 793 806 nester:
812 770 845 807 sed
861 777 887 809 est
899 771 931 808 illa
942 771 970 808 le-

93 842 155 892 gitima
167 836 307 887 communisque
319 843 338 875 et
350 839 437 876 solemnis
452 839 471 875 in
493 837 572 874 ecclesia
586 837 667 875 Judaica
677 838 713 876 Dei
727 838 839 889 appellatio,
868 853 905 891 qna
918 840 969 878 Deus

63 949 65 955 ,
91 911 129 958 ipse
143 907 187 943 olim
200 907 293 957 populum
304 908 424 946 israeliticum
439 908 457 944 in
469 906 557 957 precibus
572 907 596 944 ad
614 909 675 959 ipsum
687 908 777 959 faciendis
791 915 884 960 perpetuo
897 909 923 946 uti
935 921 969 946 vo-

89 979 157 1023 luerat,
174 975 236 1013 Enod.
249 979 268 1025 3,
282 977 313 1017 15<
332 977 414 1031 κύριος
430 973 500 1021 seem
516 989 532 1014 τ.
551 979 657 1031 πατέρων
673 975 745 1030 ἡμῶν,
770 975 936 1033 θεοςἈβραοὶμ
951 992 969 1018 κ.

88 1043 230 1092 ίεὸςἸσαοὶνι
245 1059 264 1084 α.
277 1044 329 1092 Θεὸς
342 1043 424 1097 Ἰακὼβ
437 1067 464 1074 -
481 1042 535 1085 τοῦτό
547 1043 581 1097 μοί
596 1047 644 1087 ἐστιν
664 1045 737 1099 ὄνομα
754 1044 849 1086 αἰώνιον
869 1061 886 1086 κ,
901 1043 969 1098 μνημό-

88 1129 140 1155 συνον
155 1117 219 1167 γενειᾶν
232 1112 311 1166 γενεαῖς,
333 1128 389 1166 qnam
409 1114 477 1154 Judaei
492 1115 582 1152 cabbalae
596 1116 678 1164 studiosi,
694 1116 784 1166 copulatis
801 1115 819 1152 in
832 1129 890 1153 uirum
907 1114 968 1162 literis,

87 1187 105 1222 in
117 1197 162 1234 quas
175 1184 209 1220 tria
221 1184 256 1221 ista
268 1183 416 1234 patriarcharum
427 1185 502 1223 nomina
514 1190 591 1233 exeunt,
605 1185 643 1223 hoc
653 1198 690 1222 uno
701 1186 780 1234 mystico
791 1185 845 1235 signo
858 1190 897 1223 01³³
908 1183 968 1221 solent

87 1254 203 1304 exprimere,
226 1266 264 1303 qna
280 1253 357 1303 quidem
379 1255 504 1305 appellatione
524 1267 563 1292 non
579 1254 616 1292 Dei
630 1254 657 1291 tis
673 1260 692 1291 et
710 1259 775 1291 natura
795 1254 912 1304 exprimitur,
934 1251 968 1288 sed

87 1324 126 1374 ejus
146 1323 370 1373 tantunnnodoantiqna
386 1324 440 1361 etad
456 1328 567 1374 perpetuam
580 1324 693 1374 posteritatis
711 1323 821 1361 memoriam
838 1321 967 1359 cornmentlata

85 1392 203 1430 necessitudo
216 1405 259 1429 curn
273 1393 346 1443 populo
359 1393 470 1440 israelitico,
494 1393 545 1443 cnjus
561 1393 666 1431 recordatio
683 1406 720 1430 non
736 1398 810 1443 poterat
826 1392 898 1434 facere,
923 1389 967 1439 quin

85 1474 128 1499 snos
141 1461 166 1498 de
177 1474 196 1498 se
209 1474 283 1511 semper
294 1462 365 1511 optima
378 1475 464 1511 quaeque
479 1475 555 1512 sperare
562 1462 640 1513 juberet
651 1474 721 1510 eosqne
733 1461 782 1511 grati
795 1461 849 1497 animi
862 1460 966 1508 mentisque

84 1532 128 1581 piae
141 1536 160 1567 et
171 1543 181 1566 a
192 1530 235 1567 Deo
245 1530 345 1580 pendentis
359 1530 428 1567 fiducia
445 1531 530 1581 erigeret.
558 1533 624 1581 ltaque
638 1531 740 1568 rectissime
752 1534 817 1566 nronet
829 1534 893 1566 noster
909 1531 929 1576 2,
946 1529 965 1576 8,
989 1521 990 1524 ¹

83 1602 117 1640 49.
132 1600 228 1636 relativam
243 1599 388 1649 appellationem
400 1600 446 1650 poni
456 1612 492 1649 pro
500 1601 590 1647 absoluta,
605 1599 647 1639 ἀντὶ
658 1603 689 1639 τοῦ
702 1595 820 1639 acuatacuat
833 1595 877 1651 πρός
887 1612 915 1648 τι,
932 1596 965 1636 καὶ

83 1667 149 1722 μήποτ’
163 1665 245 1714 ciatrem
268 1664 397 1719 Ὀνόματος
408 1665 446 1719 qt
460 1666 507 1714 θεὸς
522 1667 546 1706 ον’
558 1670 644 1707 δεῖται·
668 1666 693 1719 μὴ
705 1665 788 1718 δεόμενος
796 1664 812 1706 δ’
828 1666 876 1718 ὅμως
885 1667 964 1719 ἐχαρίζε-

82 1754 103 1778 το
116 1742 141 1792 τῷ
154 1740 202 1790 γένει
214 1753 230 1776 τ.
243 1734 339 1790 ἀνθρώπων
351 1739 415 1787 κλῆσιν
429 1736 509 1786 οἰκείαν,
524 1737 554 1777 ίνα
565 1738 636 1788 ’ἔχοντες
647 1734 788 1788 καταφυγήν
801 1734 857 1789 πρὸς
872 1736 965 1781 ἱκεσίας

80 1823 100 1848 α.
109 1805 178 1853 λιτὰς
186 1805 212 1858 μὴ
221 1804 318 1858 tanqam
328 1807 400 1852 ἐλπίδος
407 1809 495 1859 χρηστῆς.
519 1806 593 1843 Tarnen
601 1818 625 1842 ne
633 1806 659 1843 sic
669 1805 750 1854 quidem.
756 1811 830 1855 poterat
841 1802 901 1851 ὁθεῖας
911 1801 964 1855 λόγος

84 1877 119 1914 dici
134 1874 192 1928 ὄνομα
205 1877 252 1923 Θεοῦ,
267 1875 302 1912 nisi
311 1872 366 1911 Philo
378 1886 431 1911 inore
442 1888 475 1912 suo
488 1875 637 1926 patriarcharum
650 1875 723 1911 nentina
733 1874 834 1924 allegorice
844 1886 880 1924 pro
886 1873 963 1911 totidem

84 1947 177 1983 virtutihus
186 1941 285 1995 (δυνάμεις,
291 1941 365 1996 οίρετας,
371 1941 513 1997 τρίπουςψνχῆς
522 1945 605 1995 appellat
619 1947 639 1993 2,
648 1946 667 1991 9,
677 1946 695 1983 8.
706 1943 737 1982 15.
746 1946 780 1983 22.
790 1943 840 1992 29),
849 1950 962 1994 usurpasset,

85 2027 161 2063 quonnn
172 2015 204 2051 illa
217 2013 304 2063 symbola
320 2016 339 2049 et
353 2012 445 2061 quaedam
458 2015 511 2062 quasi
528 2014 596 2050 vicaria
611 2014 687 2050 nomina
700 2018 770 2059 essent,
785 2012 903 2050 Abraharnns
917 2010 962 2064 σίμ-

84 2085 134 2134 βολον
144 2085 277 2133 trituratione}
294 2080 374 2135 αρετῆς,
393 2081 468 2119 Isaacus
487 2086 577 2135 φυσικῆς,
600 2082 684 2120 dacolrns
698 2082 777 2131 deniqne
796 2079 901 2134 οἱσαητιαῆς
916 2082 936 2129 (l.
949 2081 960 2118 l¹

83 2166 100 2189 ν.
114 2153 161 2200 12),
174 2153 224 2189 unde
237 2153 285 2201 647,
306 2154 323 2190 1.
352 2148 451 2203 ἀρχέτυπα
468 2165 484 2190 τ,
497 2151 583 2197 παιδείας
599 2147 650 2203 ἡμῶν
664 2148 822 2190 σίτοινοαιιιίιιι.
852 2151 964 2192 darnesa-v

82 2225 178 2259 crosaneta
188 2221 222 2257 ista
234 2221 292 2258 triade
304 2220 393 2258 virtutum
405 2221 424 2257 in
434 2233 490 2257 arnum
503 2233 562 2271 genus
576 2220 701 2269 collectarum,
717 2219 876 2270 quemadmodum
890 2232 913 2257 en
922 2234 959 2271 pa-

80 2289 204 2328 triarcharum
217 2291 272 2340 stirpe
290 2288 316 2329 τό
330 2290 393 2335 ἔθνος
408 2287 508 2342 Ἰσραήλ,
523 2288 565 2343 ὅπερ
580 2287 698 2342 ἑρμηνεύεται
714 2286 772 2341 ὁρῶν
787 2285 840 2337 θεόν,
860 2300 958 2327 succreve-

80 2366 108 2398 rat
121 2360 141 2409 [l.
153 2360 166 2396 l.
180 2370 198 2395 v,
211 2359 262 2407 44⁴),
275 2360 301 2397 ia
312 2371 335 2397 ex
346 2360 377 2396 illa
392 2355 471 2411 ὁράσεως
488 2361 500 2396 i.
512 2372 528 2396 e.
543 2356 646 2412 φρονήσεως
659 2359 670 2396 i.
682 2372 698 2397 e.
712 2363 795 2394 summae
809 2358 909 2409 sapientiae
921 2373 958 2411 pa-

78 2431 122 2468 riter
133 2442 155 2466 ac
163 2426 256 2465 felicitatis
268 2428 323 2477 (691,
334 2430 368 2469 46,
383 2430 403 2477 2,
418 2430 449 2477 10,
462 2429 490 2478 4.)
506 2440 565 2478 genas
578 2428 686 2465 effloruerat
696 2426 725 2474 (2,
740 2427 759 2476 9,
772 2427 805 2466 45.
822 2429 855 2477 10,
872 2429 906 2480 1,).
921 2430 957 2467 At-

78 2498 160 2549 legorico
173 2494 325 2534 antemdicendi
337 2510 407 2548 genere
423 2502 487 2535 noster
505 2510 547 2535 usus
567 2500 697 2540 consueverat,
718 2508 773 2544 qnam
790 2497 860 2535 virtutis
880 2498 956 2548 alicujus

76 2579 175 2619 personam
192 2565 280 2604 vicariam
296 2576 319 2601 ex
335 2564 409 2604 historia
423 2580 476 2605 sacra
493 2568 603 2605 substituere
619 2564 739 2613 decrevisset,
764 2579 805 2603 eam
818 2580 860 2604 cnm
872 2567 913 2617 ipsa
924 2567 956 2605 illa
