2219 3048
105 147 134 187 16

108 265 132 300 de
143 258 190 312 λόγω
200 261 320 314 ἑρμηνευτικῷ
334 258 393 311 (625,
406 261 450 313 27.)
467 262 552 300 continet.
568 262 616 311 410,
631 264 649 301 3.
664 259 685 299 τό
694 264 727 300 τοῦ
740 258 794 313 λόγου
803 261 868 314 ῥεῦμα,
881 261 984 310 qucdalias

107 333 147 369 fere
159 330 187 369 dr.
201 327 250 369 τότ.
261 326 319 381 λόγων
331 332 383 383 νοῖμα
398 331 461 382 (449,
477 334 496 371 2.
512 330 565 379 528,
580 333 614 371 23.
629 329 662 370 45.
678 331 731 379 693,
746 331 780 370 36.
795 333 820 380 2,
838 330 877 372 135
892 332 930 380 94,
952 334 984 372 12·

106 405 132 450 2,
147 401 200 450 297,
217 399 263 449 10.)
273 401 329 453 695,
344 403 377 441 42.
392 399 529 454 όργαναλόγου.
545 401 593 449 694,
611 400 676 438 16-
689 400 720 438 12.
735 400 820 450 γλῶττα,
831 404 878 451 νοῦς,
894 400 993 453 αἴσθησις,

107 472 154 518 696,
170 470 189 509 6.
204 466 258 522 παρὰ
267 467 347 522 στόματι
358 470 391 510 καὶ
401 471 467 521 χειλέσι
476 469 509 507 καί
517 465 563 521 λόγῳ
573 468 644 507 πίπτειν
652 465 696 514 τούς
703 465 729 506 τοὶ
739 465 809 520 ’όργανα
819 473 881 510 ταῦτα
889 468 941 510 νοατοί.
949 474 985 523 τῆς

106 537 194 589 ἀληθείας
203 536 357 591 ἠκονηοαμένους,
372 536 420 586 245,
429 536 462 576 45.
477 533 530 587 λόγος
540 534 566 587 μή
577 536 661 587 πληχίεὶς
670 533 700 589 ὑφ’
713 534 821 589 ἡγεμονικοῦ
829 538 871 580 κατ’
883 537 983 590 ἀναγκαῖον

105 606 185 659 ἡοωχίαν
199 605 246 660 όίγει.
276 607 328 657 409,
343 608 377 647 26.
393 603 445 656 λόγον
459 601 606 659 προστησάμενοι
619 607 702 656 βασιλέα.
716 607 775 655 410,
790 609 809 646 4.
825 606 871 663 λόγῳ
891 632 919 639 --
938 624 983 662 συμ-

106 676 160 731 μάχῳ
175 680 257 730 χρῶνται.
272 690 289 715 v.
303 678 337 716 46.
353 671 449 726 ἡσυχάσαι
463 672 494 714 τόν
510 672 569 726 λόγον.
584 678 608 725 2,
626 676 676 723 198,
691 677 725 715 28,
739 677 834 728 διανείμας
847 677 878 719 τόν
891 681 931 718 νοῦν
950 685 983 723 καὶ

107 744 199 797 τὸνλόγον
213 746 318 795 (Μωυσῆς)
333 746 359 798 τῷ
369 744 401 795 μὲν
421 742 463 796 (νοῒ)
487 741 602 796 ἐνετύγχανεν
613 742 689 798 οίρανῶς
697 747 722 799 τῷ
733 747 765 799 9εῴ
772 767 804 775 --
813 743 835 784 δι’
847 741 868 785 οὗ
880 747 900 786 δὲ
915 744 983 793 (πλό-

106 819 151 869 γου)
178 810 307 865 ἐθάρσυνεκαὶ·
313 810 414 866 παρηγόρει
423 813 467 860 τοὺς
482 816 620 865 καταβοῶντας.
649 814 679 851 De
687 811 735 866 λόγῳ
745 818 854 870 προροριαρῖ,
870 817 901 866 qui
908 816 982 853 nominc

106 886 202 930 duntaxat,
217 895 255 919 non
263 895 293 930 re,
308 883 332 919 ab
341 882 379 920 hcc
388 887 451 921 nostro
461 882 533 931 differt,
553 883 590 921 vid.
598 884 647 921 infra
653 883 688 920 sub
696 884 720 921 B.

189 952 211 1003 9]
226 964 256 989 res
264 952 315 1002 ipsa,
331 952 355 989 tle
363 965 399 1002 qua
407 965 468 990 sermo
479 957 511 991 est.
525 951 577 1001 356,
593 956 612 993 8.
627 954 660 992 21.
676 956 701 1007 τῷ
715 950 796 1005 μεθύοντι
808 952 842 993 οὖν.
853 952 875 1008 ξίν
890 968 918 999 τις
933 951 982 993 εολό-

103 1037 140 1075 γως
152 1019 205 1073 λόγον
220 1018 326 1073 ἀπόρρητον
340 1020 500 1075 παρανατοόθοιτο,
511 1028 617 1071 secretum,
632 1034 672 1059 rem
681 1023 773 1060 occultam
786 1027 804 1059 et
815 1036 910 1072 arcanam,
922 1036 981 1073 quam

104 1092 180 1129 tacitam
190 1091 250 1129 teneri
257 1091 348 1131 volumus.

428 1228 453 1267 B.
482 1226 561 1280 λόγος,
580 1230 650 1266 ratio.

190 1314 211 1362 1)
228 1312 281 1359 ratic,
291 1323 345 1349 sensu
355 1311 476 1351 arithmetico.
487 1314 596 1363 ajpropric,
609 1313 728 1363 computatio.
739 1314 772 1361 46,
779 1313 810 1351 11.
819 1310 870 1352 κατ’ὀί
880 1326 922 1351 τινα
928 1309 980 1363 λόγον

101 1382 118 1420 οἱ
130 1378 264 1427 ἐντόςδενιοίδος
274 1378 464 1434 α’ριόμοὶγεννῶνταιῆ
470 1385 544 1435 γεννῶσι
552 1381 595 1428 τοὺς
605 1380 655 1427 ε’ντός
666 1379 747 1427 δεκάδος.
760 1380 781 1431 b)
787 1382 920 1432 metaphorice,
925 1383 980 1419 ratic-

101 1463 146 1488 nem
151 1449 238 1488 reddere.
255 1449 302 1499 185,
314 1452 346 1490 18.
359 1448 438 1497 ἀποδοὺς
447 1452 488 1505 περὶ
495 1468 512 1491 τ.
523 1454 580 1504 μερῶν
589 1466 606 1490 τ.
617 1451 678 1504 ψυχῆς
682 1447 780 1501 -λόγον,
789 1463 829 1499 εγω,
840 1464 857 1489 v.
868 1451 899 1490 15.
909 1452 980 1491 ἐκδιδα-

103 1533 149 1559 σκει.
165 1518 189 1556 cf.
199 1520 246 1567 199,
257 1520 291 1559 43.
306 1519 397 1556 rationem
406 1521 486 1572 exigere.
502 1521 577 1570 9,197,
593 1521 626 1560 26.
641 1517 693 1570 λόγον
701 1534 718 1559 νι.
727 1516 802 1565 εόθόνας
811 1515 834 1560 τόν
841 1517 890 1559 εἷπον
902 1518 915 1570 ἣ
926 1521 981 1573 ’ἔδρα-
1024 1562 1026 1565 γ

102 1584 140 1629 σαν
147 1584 190 1640 παρ’
202 1589 271 1627 εἀυτων
285 1586 414 1639 λαμβάνοντας
425 1591 443 1628 ἐν
455 1593 481 1644 τῷ
492 1605 509 1629 τ.
523 1590 583 1642 ψυχῆς
595 1589 719 1643 βουλευτηρίῳ.
736 1592 760 1638 2,
776 1591 829 1639 323,
845 1592 864 1630 3.
893 1589 936 1639 δίνη
954 1610 979 1617 -

101 1656 153 1710 λόγον
167 1657 200 1696 καὶ
212 1654 293 1707 είΘόνας,
307 1655 364 1704 αὐτόν
382 1659 414 1708 (τ.
429 1657 527 1712 τύραννον)
547 1661 582 1709 τῆς
597 1680 626 1686 -
643 1660 738 1709 συμφορᾶς
747 1655 856 1709 ἀπαιτήσει.
887 1661 912 1707 2,
931 1657 979 1706 532,

100 1730 134 1769 38.
162 1727 178 1765 οἱ
189 1724 324 1779 αότονοροότορες
338 1728 355 1766 λ.
368 1742 386 1766 κ,
400 1725 434 1766 εόθ.
448 1731 484 1767 τῶν
496 1729 626 1779 πεπραγμένων
637 1723 698 1776 ᾕτοον.
720 1723 813 1763 rationem
822 1727 902 1775 habere,
917 1727 980 1777 magni

100 1799 173 1844 facere,
189 1796 292 1833 aestimare.
323 1797 373 1846 118,
391 1799 424 1837 29.
440 1786 485 1837 όταν
494 1798 553 1848 μέλλῃ
561 1797 596 1846 τῆς
603 1792 693 1847 γαστρὸς,
708 1798 746 1841 τοῖς
754 1792 862 1845 ἀναγκαίοις
876 1793 980 1848 ἐπιφερόμε-
1016 1797 1018 1801 ’

100 1882 130 1914 νος
141 1864 205 1918 λόγον,
219 1867 329 1916 ἐπιστομιεῖν
342 1863 363 1904 τό
378 1863 440 1912 ποίίος.
475 1865 528 1914 528,
546 1866 577 1905 19.
592 1879 609 1903 τ.
623 1862 687 1903 ἄποιον
705 1864 739 1903 καὶ
757 1862 837 1904 αἶνειδεον
851 1879 868 1903 ν,
883 1862 979 1904 ἄπλαστον

102 1934 154 1988 φύσιν
164 1937 181 1974 ἐν
190 1932 249 1975 οόδενὶ
258 1931 306 1987 λόγῳ
318 1936 413 1985 τιθέμενος.
432 1935 484 1984 549,
503 1935 535 1974 41,
551 1927 575 1972 οἷν
591 1931 663 1983 οἱλογεῖν
677 1936 757 1986 προςῆκε
768 1932 824 1972 πολόν
841 1931 894 1985 λόγον
908 1935 988 1984 ἔχοντα..

103 2007 126 2052 2,
143 2006 192 2053 137,
209 2005 240 2043 14.
256 2000 360 2055 οἷςοὶρετῆς
368 2004 433 2042 πλείων
440 2002 498 2055 λόγος.
512 2006 538 2052 2,
551 2004 604 2051 322,
620 2005 639 2041 2.
653 2001 750 2054 οἰδήτινα
762 2006 841 2043 ποιεῖται
854 2001 908 2054 λόγον
916 2000 979 2056 ἀτρα-

103 2073 157 2118 λείας.
186 2076 209 2121 2,
225 2073 276 2122 647,
291 2073 325 2113 95.
341 2070 367 2119 οἷς
378 2070 431 2124 λόγος
443 2072 556 2126 ἐγκρατείας.
575 2072 599 2108 dc
609 2072 644 2110 τοί
655 2084 695 2121 μιν,
704 2085 724 2122 p.
736 2073 767 2111 16.
784 2072 826 2127 παρ’
836 2071 862 2120 οἷς
871 2070 924 2122 λόγος
934 2061 979 2123 οίρο-

102 2143 138 2192 τῇς
151 2140 198 2184 ἐστι,
212 2142 278 2191 quibus
287 2142 344 2180 virtus
359 2156 415 2180 curae
426 2142 515 2191 ccrquue
529 2145 561 2179 est.
592 2142 645 2189 286,
662 2141 693 2179 18.
707 2140 851 2191 τῶντοιούτων,
865 2139 889 2186 ὥς
901 2142 936 2192 ἔφη
950 2155 978 2187 τις

101 2209 207 2261 (ΤΙιοοονίι.
216 2209 239 2247 id.
256 2211 289 2259 14,
301 2212 363 2262 48),
378 2209 399 2251 οὔ
408 2208 461 2262 λόγος
469 2208 504 2250 οὐδ’
514 2207 593 2263 οίριόμός.
623 2212 643 2258 2,
658 2211 707 2257 426,
723 2210 759 2261 15.
771 2208 780 2250 ὁ
790 2208 863 2262 ἀμαθὴς
873 2222 891 2247 νο.
904 2209 978 2262 ἔννομος

101 2276 138 2320 οὔτ’
151 2279 169 2317 ἐν
180 2274 226 2331 λόγῳ
238 2279 292 2331 φησὶν
301 2278 336 2320 οὒτ’
346 2282 364 2320 ἐν
379 2279 447 2335 ἀριθμῷ
463 2294 507 2332 opp.
522 2293 539 2318 v.
555 2282 587 2320 17.
602 2277 666 2332 πρώτη
679 2277 733 2332 χάρις
743 2280 791 2318 ἐστίν
799 2278 888 2331 ἐλλογίμω
900 2278 933 2328 καὶ
946 2282 978 2318 δο-

102 2350 149 2403 κίμῳ
161 2347 237 2400 φανέντι
253 2351 360 2401 μεταλαχείν
375 2348 493 2404 αριθμοῦκαὶ
502 2347 576 2397 τάξεως
606 2352 630 2398 2,
647 2349 700 2397 543,
716 2347 749 2387 45.
764 2361 780 2385 τ.
794 2345 949 2401 ἐπιφανεστάτους
959 2363 976 2387 κ.

101 2415 125 2459 ὧν
135 2419 221 2461 πλεῖστος
229 2412 238 2454 ὁ
247 2413 304 2466 λόγος,
970 2456 972 2458 ,

185 2488 208 2534 2)
223 2484 277 2531 ratio,
286 2496 339 2523 sensu
348 2488 468 2537 geometrico,
478 2488 599 2537 comparc1i0,
619 2484 751 2523 Verhcltnics.
765 2485 783 2536 a)
792 2487 874 2537 proprie.
890 2487 935 2534 c)i11
944 2486 977 2527 ab,

101 2560 174 2595 structo.
201 2556 224 2604 9,
242 2555 289 2603 183,
298 2556 396 2595 28-30.
410 2555 501 2604 πάποιςδὲ
516 2554 631 2610 (διαφορὰς)
645 2552 701 2605 λόγων
709 2558 744 2595 τῶν
753 2556 770 2595 ἐν
781 2552 862 2608 ἀριθμοῖς
870 2556 977 2595 πολλαπλα·
