2219 3048
85 180 113 220 50

83 295 155 334 Deinde
168 306 206 331 non
220 293 346 344 improbabile
361 293 437 345 quidem
451 309 491 334 esse
502 295 585 347 judicat,
606 293 639 332 sed
648 298 709 342 tamen
722 294 822 341 incertum,
842 296 904 329 utrum
917 293 939 330 sit
952 292 965 344 ἡ

75 350 148 416 ιλογιαή
161 361 238 415 δύναμις
250 363 303 415 κοινὴ
314 364 376 405 nata.
392 367 481 420 θειοτέραν
495 364 571 419 plorat.
590 365 628 412 71,
649 362 680 401 14.
709 363 760 400 Tum
772 363 853 401 formula
863 362 894 399 illa
909 363 967 400 usita-

84 434 163 471 tissima:
178 431 221 479 οῦς
234 436 318 474 καλεῖν
334 436 384 480 ἔθος
397 432 511 485 ἀγγέλους
531 434 591 482 (038,
613 434 644 472 19.
669 431 781 481 642,13.)
803 431 922 483 allegoricam
935 444 968 469 ra-

84 504 154 540 tionem
168 503 222 553 sapit,
238 516 295 553 quam
308 504 339 553 qui
351 507 451 550 sequuntur
463 502 487 538 de
500 500 584 551 personis
599 501 705 550 symbolicis
717 512 756 537 non
766 502 826 539 minus
837 502 873 539 hae
886 501 967 539 formula

84 577 169 619 utuntur,
179 585 198 610 v.
213 586 229 610 e.
244 575 296 622 461,
311 574 329 610 6.
345 568 500 622 ὁπολιτευάμενος
513 567 587 623 πράπος,
598 567 617 608 ὃν
631 566 700 622 Ἰωσὴφ
712 565 806 621 ὀνομάζειν
816 572 858 618 ἔθος.
873 571 921 620 468,
932 573 966 611 23.

85 640 104 680 ὃν
119 642 158 688 ἔθος
170 643 233 681 καλεῖν
246 637 319 691 Ἰωσήφ.
341 640 393 688 460,
409 638 442 678 40.
465 638 556 679 einoldo
569 640 607 685 ἔθος
622 635 700 692 δάκρυα.
718 639 824 688 ’470,*15.
848 637 930 692 καθάπερ
947 639 967 678 αἱ

85 712 184 763 ζητητικοὶ
204 725 220 748 τ.
240 707 314 759 ἀφανῶν
333 707 401 760 ψυχαὶ,
424 709 482 761 μαίας
496 705 556 755 αῦτάς
571 709 609 754 ἔθος
630 705 728 760 ὀνομάζειν.
756 709 844 759 Denique
856 710 966 760 scriptorum

84 782 153 819 nemini
164 778 226 824 facile,
246 788 303 825 quam
314 776 399 825 Philoni,
421 784 460 816 tam
471 779 490 816 in
503 791 555 816 more
566 779 649 829 positum
657 783 703 826 est,
717 777 821 826 abstractis,
837 791 882 828 ques
896 777 965 825 dieunt,

86 849 186 889 notionibus
202 858 326 897 personarum
343 847 393 884 vices
410 849 515 899 assignare,
537 848 558 885 id
572 848 623 909 (μανά
637 849 658 885 in
670 847 706 885 hac
718 847 742 885 de
755 848 826 899 angelis
840 847 965 886 doctrinata-

85 925 133 956 ‹ttnm
145 930 192 964 esse,
207 915 293 966 exempla
307 915 408 954 declarant.
422 929 439 954 v.
450 930 466 954 e.
482 919 536 967 242,
551 919 585 957 22.
597 919 631 958 26.
647 912 784 967 γαο1νῦιθυθοε,
798 922 826 954 tot
835 917 901 968 angeli.
916 917 965 965 431,

83 990 116 1028 37.
142 986 196 1034 556,
215 986 248 1025 21.
279 985 397 1036 appellantur
426 984 512 1038 boodpag
527 988 571 1025 θεοῦ.
587 987 640 1036 642,
660 988 691 1026 10.
716 983 773 1039 ὥςπερ
786 984 866 1038 μεγάλου
878 986 966 1037 βασιλέως

83 1058 138 1102 (θεοῦ)
155 1050 203 1095 aaa
215 1069 233 1094 ν..
248 1052 350 1107 ῦμματα.
365 1054 388 1091 cf.
401 1056 421 1104 2,
440 1057 487 1105 116,
501 1054 534 1095 35.
553 1055 632 1092 Zaehar.
647 1056 667 1103 4,
683 1056 715 1093 10.
730 1055 818 1106 Xenoph.
832 1055 902 1107 Cprop
915 1053 964 1101 Vlll,

83 1129 103 1175 2,
119 1127 152 1164 10.
166 1125 248 1161 Brisson.
263 1123 287 1160 de
299 1136 359 1174 regno
367 1124 467 1162 Persarum
479 1138 498 1175 p,
510 1123 556 1165 125.
571 1124 602 1161 fin.
622 1126 673 1173 683,
688 1126 722 1165 20.
738 1126 767 1164 eli.
782 1127 830 1175 469,
847 1126 878 1164 16.
894 1124 965 1163 ἐπίσκο-

82 1208 143 1234 ποικ.
158 1195 269 1246 ἔφοροιτ.
290 1207 306 1231 τ.
325 1190 417 1245 φάσεως
433 1192 586 1247 πραγμάτων.
602 1197 622 1244 2,
642 1195 688 1244 107,
703 1196 736 1234 23.
757 1191 831 1247 άφανής
845 1191 927 1245 άγγελος,
946 1193 965 1229 in

84 1265 170 1301 columna
181 1263 273 1300 flammea·
289 1264 309 1310 2,
327 1263 374 1312 123,
388 1264 422 1302 30.
437 1263 522 1301 Bileamo
532 1263 619 1314 objicitur
639 1261 717 1315 ἄγγελος
733 1263 745 1303 ἰ,
759 1276 774 1301 e.
789 1276 806 1300 v.
821 1264 854 1303 33.
869 1259 911 1315 ’ἅψις
921 1261 964 1301 θεία

82 1337 102 1383 2,
116 1332 164 1385 636,
179 1333 212 1372 37.
233 1346 249 1370 τ.
262 1330 307 1370 ἴδιον
325 1332 436 1382 δαίμονα
453 1333 514 1369 νοῦν.
543 1331 619 1372 Arinen.
634 1333 667 1381 42,
683 1331 715 1373 15,
729 1333 830 1383 praepositi
846 1331 917 1368 mundo
932 1343 964 1367 en-

82 1402 146 1440 stodes
162 1405 294 1438 memorantur.
322 1401 409 1449 Denique
425 1401 477 1438 Deus
492 1400 520 1436 dr.
541 1402 575 1449 48,
593 1402 625 1439 10.
650 1401 806 1452 armazonem
826 1397 883 1440 αῦτοῦ
902 1400 964 1452 σοφίᾳ.

82 1472 160 1508 Armen.
176 1469 205 1505 ed.
217 1470 278 1509 1826.
291 1482 311 1519 p.
325 1471 358 1508 36.
373 1474 417 1506 extr.
431 1469 483 1519 loqui
497 1481 539 1505 eum
553 1469 588 1506 suis
601 1469 704 1508 m'rtntibns.

169 1538 198 1587 m]
217 1535 370 1590 πρωτόγονος
385 1540 434 1576 θεοῦ
448 1534 526 1588 λόγος,
546 1535 697 1590 ἀρχάγγελος.
727 1539 779 1588 427,
799 1540 818 1577 3.
833 1550 860 1586 sq.
879 1534 914 1591 κάν
930 1550 965 1588 μη-

82 1611 130 1647 δέπω
152 1603 236 1658 τυγχάνῃ
260 1619 289 1662 τις
312 1602 409 1657 ἀξιόχρεως
435 1604 459 1645 ὢν
481 1602 519 1651 ῦιὸς
546 1608 584 1644 θεοῦ
608 1604 770 1660 προςαγορεῦεσθαι
796 1608 912 1654 aramagna
933 1620 963 1645 κο-

83 1679 166 1729 σμεῖσθαι
177 1672 229 1714 κατά
243 1688 260 1712 τ.
274 1669 427 1726 πρωτόγονον
441 1671 499 1712 αῦτοῦ
515 1671 594 1725 λόγον,
609 1673 648 1714 τὀν
664 1671 765 1728 άγγζελον
780 1672 963 1728 πρεσβύτατον,

81 1744 106 1793 ὦς
120 1742 272 1798 άρχάγγελον
284 1738 400 1792 πολυώνυμον
411 1737 526 1795 anappum·
541 1743 574 1792 nori
587 1742 623 1796 γάρ
637 1741 697 1796 ἀρχὴ
712 1757 729 1782 κ.
744 1742 821 1795 ’ὄνομα
836 1746 888 1783 θεοῦ
898 1758 916 1784 κ.
931 1741 964 1782 λό-

82 1830 121 1866 γος
136 1830 154 1855 ν..
169 1811 177 1853 ἑ
190 1810 239 1852 κατ’
255 1809 336 1851 aaziae
350 1808 476 1863 άνθρωπος
488 1826 505 1851 κ.
519 1809 576 1865 ὁρῶν
587 1810 686 1865 Ἰσραὴλ
701 1810 858 1865 προςαγορεῦεται.
918 1829 919 1832 ’

166 1881 332 1932 πολυονυμία,
347 1892 396 1929 quae
410 1880 455 1917 item
469 1880 507 1932 51,
522 1884 555 1922 48.
570 1881 609 1932 52,
624 1883 657 1922 24.
673 1882 773 1931 sapientiae
787 1881 882 1928 tribuitur,
897 1892 964 1918 eonse-

85 1953 159 1991 etarIum
172 1958 200 1990 est
217 1950 340 2002 ουνωνυμίας,
358 1948 382 1985 de
398 1961 435 1997 qua
450 1949 501 2000 351,
517 1952 550 1991 49.
565 1963 592 2000 sq.
602 1951 691 2002 prolixius
701 1951 804 2000 exponitur,
819 1962 860 1987 eam
871 1955 932 1987 autem
945 1949 964 1985 in

84 2022 146 2070 primis
161 2023 180 2059 in
193 2023 236 2060 θεῖον
251 2017 304 2071 λόγον
322 2017 400 2065 cadere,
424 2030 465 2055 cum
481 2019 613 2069 philosophiae
633 2020 735 2057 Plriloneae
750 2020 806 2067 ratio,
831 2030 963 2068 quaeapan-

85 2089 162 2127 theismo
172 2103 234 2141 prope
247 2089 309 2136 abest,
323 2087 423 2138 probabile
436 2088 507 2136 reddit,
526 2092 566 2125 tum
577 2090 672 2126 nominum
685 2088 783 2126 multitudo
795 2088 887 2134 declarat,
906 2098 963 2134 quam

83 2169 145 2208 paene
158 2158 233 2195 dixerim
246 2158 326 2196 eandem
337 2169 383 2194 vesse
399 2168 441 2193 cum
452 2158 493 2205 illa,
508 2169 556 2206 quae
567 2156 606 2195 Diis
622 2157 751 2195 Gallimaeheis
768 2157 854 2208 optabilis
869 2155 913 2192 olim
924 2155 963 2192 visa

84 2231 113 2264 est
126 2226 154 2275 [in
164 2226 241 2264 Dianam
251 2241 268 2266 v.
281 2228 316 2278 7,),
331 2231 371 2264 tum
382 2238 428 2263 vero
439 2231 501 2263 noster
513 2226 583 2264 disertis
595 2227 656 2264 verbis
668 2226 733 2264 docet:
749 2229 796 2276 683,
811 2228 845 2265 48.
869 2224 916 2274 602,
928 2222 961 2264 25.

83 2296 107 2334 of.
120 2297 171 2344 370,
188 2295 218 2333 17.
233 2297 281 2345 371,
294 2298 314 2336 4.
328 2292 404 2341 πολῦς
419 2292 462 2335 ’όταν
476 2297 546 2347 μονωθῇ
557 2296 632 2347 γίνεται.
647 2312 649 2314 ·
661 2295 715 2333 Idem
729 2294 826 2344 singularis
838 2292 869 2330 illa
881 2293 962 2331 formula

83 2364 173 2414 ostendit,
189 2363 275 2412 quatere
289 2366 384 2402 nominum
398 2365 532 2402 enumerationi
543 2365 601 2403 smem
612 2365 702 2415 imponit,
716 2366 737 2398 ut
749 2362 848 2412 significet,
862 2362 897 2399 alia
905 2375 962 2413 prae-

83 2440 134 2471 terea
148 2434 165 2471 ei
176 2432 204 2470 rei
214 2438 319 2480 competere
328 2435 404 2487 nomina
416 2434 506 2485 plurima,
521 2446 569 2483 quae
582 2446 641 2484 quum
652 2443 749 2469 recensere
760 2445 797 2469 non
810 2444 879 2483 operae
890 2432 918 2480 sit,
933 2432 972 2468 le->

84 2503 129 2540 etori
142 2515 182 2540 sese
195 2500 293 2552 optionem
304 2502 382 2552 eligendi
395 2505 463 2542 faeere.
489 2516 506 2541 v.
520 2516 536 2540 e.
555 2500 563 2541 t
579 2503 674 2554 ἐπίτροπος
690 2497 777 2555 iiras-ip
794 2499 807 2553 ἦ
822 2498 935 2546 διδάσκαλος
947 2497 961 2551 ἧ

83 2569 103 2621 ὅ,
118 2585 142 2610 τι
156 2571 211 2611 ποτὲ
225 2567 271 2623 χρὴ
287 2571 370 2610 καλεῖν
385 2588 401 2612 τ.
414 2574 465 2627 ’ἱερέα
478 2573 503 2624 (τ.
516 2572 570 2623 θλ).
585 2574 633 2622 489,
648 2573 681 2612 22.
699 2567 719 2610 οῦ
732 2568 783 2623 πηγὴ
795 2585 813 2611 κ.
826 2571 867 2623 ῥίζα
879 2583 897 2609 κ.
912 2571 961 2622 θεμέ-
