<?xml version="1.0" encoding="UTF-8"?>
<!DOCTYPE html PUBLIC "-//W3C//DTD XHTML 1.0 Transitional//EN"
    "http://www.w3.org/TR/xhtml1/DTD/xhtml1-transitional.dtd">
<html xmlns="http://www.w3.org/1999/xhtml" xml:lang="en" lang="en">
 <head>
  <title>
</title>
<meta http-equiv="Content-Type" content="text/html;charset=utf-8" />
  <meta name='ocr-system' content='tesseract 3.04.00' />
  <meta name='ocr-capabilities' content='ocr_page ocr_carea ocr_par ocr_line ocrx_word'/>
</head>
<body>
  <div class='ocr_page' id='page_1' title='image "MN41874ucmf_2_0129.png"; bbox 0 0 2219 3048; ppageno 0'>
   <div class='ocr_carea' id='block_1_1' title="bbox 940 142 968 181">
    <p class='ocr_par' dir='ltr' id='par_1_1' title="bbox 940 142 968 181">
     <span class='ocr_line' id='line_1_1' title="bbox 940 142 968 181; baseline 0.036 -1"><span class='ocrx_word' id='word_1_1' title='bbox 940 142 968 181; x_wconf 80' lang='grc'>43</span> 
     </span>
    </p>
   </div>
   <div class='ocr_carea' id='block_1_2' title="bbox 70 247 967 2646">
    <p class='ocr_par' dir='ltr' id='par_1_2' title="bbox 70 247 966 372">
     <span class='ocr_line' id='line_1_2' title="bbox 87 247 966 308; baseline 0.003 -18"><span class='ocrx_word' id='word_1_2' title='bbox 87 250 117 291; x_wconf 81' lang='grc' dir='ltr'>ὅτε</span> <span class='ocrx_word' id='word_1_3' title='bbox 125 248 270 303; x_wconf 77' lang='grc' dir='ltr'>ἐνεοσμοπλάστει</span> <span class='ocrx_word' id='word_1_4' title='bbox 284 247 302 299; x_wconf 80' lang='grc' dir='ltr'>(ὁ</span> <span class='ocrx_word' id='word_1_5' title='bbox 322 249 368 302; x_wconf 76' lang='grc' dir='ltr'>θεὸς)</span> <span class='ocrx_word' id='word_1_6' title='bbox 382 248 497 306; x_wconf 82' lang='grc' dir='ltr'>χρησάμενος</span> <span class='ocrx_word' id='word_1_7' title='bbox 512 249 582 306; x_wconf 77' lang='grc' dir='ltr'>ὀργάνῳ</span> <span class='ocrx_word' id='word_1_8' title='bbox 600 250 658 306; x_wconf 81' lang='grc' dir='ltr'>τοθτρ</span> <span class='ocrx_word' id='word_1_9' title='bbox 672 255 716 308; x_wconf 82' lang='grc' dir='ltr'>πρὸς</span> <span class='ocrx_word' id='word_1_10' title='bbox 729 272 746 297; x_wconf 81' lang='grc' dir='ltr'>τ,</span> <span class='ocrx_word' id='word_1_11' title='bbox 759 256 913 299; x_wconf 53' lang='lat' dir='ltr'>&amp;conaturos</span> <span class='ocrx_word' id='word_1_12' title='bbox 928 261 966 299; x_wconf 70' lang='grc' dir='ltr'>τῶν</span> 
     </span>
     <span class='ocr_line' id='line_1_3' title="bbox 70 318 336 372; baseline 0 -11"><span class='ocrx_word' id='word_1_13' title='bbox 70 338 73 343; x_wconf 95' lang='grc'><em>·</em></span> <span class='ocrx_word' id='word_1_14' title='bbox 86 320 233 372; x_wconf 71' lang='grc' dir='ltr'>ἀποτελουμένων</span> <span class='ocrx_word' id='word_1_15' title='bbox 242 318 336 361; x_wconf 74' lang='grc' dir='ltr'>σύστασιν.</span> 
     </span>
    </p>

    <p class='ocr_par' dir='ltr' id='par_1_3' title="bbox 86 386 965 651">
     <span class='ocr_line' id='line_1_4' title="bbox 171 386 965 450; baseline 0.01 -21"><span class='ocrx_word' id='word_1_16' title='bbox 171 390 199 439; x_wconf 81' lang='grc' dir='ltr'>αν)</span> <span class='ocrx_word' id='word_1_17' title='bbox 214 389 267 440; x_wconf 73' lang='lat'>562,</span> <span class='ocrx_word' id='word_1_18' title='bbox 289 391 320 431; x_wconf 81' lang='lat'>14.</span> <span class='ocrx_word' id='word_1_19' title='bbox 335 389 387 444; x_wconf 75' lang='grc' dir='ltr'>λόγον</span> <span class='ocrx_word' id='word_1_20' title='bbox 400 392 444 430; x_wconf 88' lang='grc' dir='ltr'>θείον</span> <span class='ocrx_word' id='word_1_21' title='bbox 459 389 484 440; x_wconf 86' lang='grc' dir='ltr'>(τ.</span> <span class='ocrx_word' id='word_1_22' title='bbox 497 386 592 443; x_wconf 82' lang='grc' dir='ltr'>ἀρχιερέα)</span> <span class='ocrx_word' id='word_1_23' title='bbox 607 386 680 429; x_wconf 90' lang='grc' dir='ltr'>πάντων</span> <span class='ocrx_word' id='word_1_24' title='bbox 694 390 727 442; x_wconf 73' lang='grc' dir='ltr'>οὐχ</span> <span class='ocrx_word' id='word_1_25' title='bbox 739 395 821 436; x_wconf 71' lang='grc' dir='ltr'>ἑκουσίων</span> <span class='ocrx_word' id='word_1_26' title='bbox 834 396 898 450; x_wconf 79' lang='grc' dir='ltr'>μόνον,</span> <span class='ocrx_word' id='word_1_27' title='bbox 914 394 965 438; x_wconf 84' lang='grc' dir='ltr'>άλλά</span> 
     </span>
     <span class='ocr_line' id='line_1_5' title="bbox 86 456 965 521; baseline 0.008 -20"><span class='ocrx_word' id='word_1_28' title='bbox 86 476 103 501; x_wconf 76' lang='grc' dir='ltr'>να</span> <span class='ocrx_word' id='word_1_29' title='bbox 113 460 203 502; x_wconf 78' lang='grc' dir='ltr'>ἀκουσίων</span> <span class='ocrx_word' id='word_1_30' title='bbox 211 457 370 513; x_wconf 76' lang='grc' dir='ltr'>ἀδικημάτων</span> <span class='ocrx_word' id='word_1_31' title='bbox 385 456 587 513; x_wconf 75' lang='grc' dir='ltr'>ἀμέτοχον-διότι</span> <span class='ocrx_word' id='word_1_32' title='bbox 600 462 686 512; x_wconf 80' lang='grc' dir='ltr'>γονέων</span> <span class='ocrx_word' id='word_1_33' title='bbox 698 457 794 514; x_wconf 81' lang='grc' dir='ltr'>ἀφθάρτων</span> <span class='ocrx_word' id='word_1_34' title='bbox 802 478 819 503; x_wconf 83' lang='lat' dir='ltr'>u.</span> <span class='ocrx_word' id='word_1_35' title='bbox 828 464 965 521; x_wconf 81' lang='grc' dir='ltr'>καθαρωτάτων</span> 
     </span>
     <span class='ocr_line' id='line_1_6' title="bbox 87 527 965 587; baseline 0.002 -16"><span class='ocrx_word' id='word_1_36' title='bbox 87 533 156 584; x_wconf 77' lang='grc' dir='ltr'>ἔλαχεν,</span> <span class='ocrx_word' id='word_1_37' title='bbox 165 528 259 583; x_wconf 83' lang='grc' dir='ltr'>πατρὸς</span> <span class='ocrx_word' id='word_1_38' title='bbox 273 544 292 582; x_wconf 84' lang='grc' dir='ltr'>μ,</span> <span class='ocrx_word' id='word_1_39' title='bbox 301 533 340 570; x_wconf 79' lang='grc' dir='ltr'>θεοῦ</span> <span class='ocrx_word' id='word_1_40' title='bbox 349 529 370 577; x_wconf 79' lang='grc' dir='ltr'>ἀς</span> <span class='ocrx_word' id='word_1_41' title='bbox 378 527 396 570; x_wconf 65' lang='grc' dir='ltr'>κζ</span> <span class='ocrx_word' id='word_1_42' title='bbox 404 545 421 571; x_wconf 82' lang='grc' dir='ltr'>τ.</span> <span class='ocrx_word' id='word_1_43' title='bbox 431 527 540 582; x_wconf 81' lang='grc' dir='ltr'>συμπάντων</span> <span class='ocrx_word' id='word_1_44' title='bbox 551 529 590 569; x_wconf 84' lang='grc' dir='ltr'>ε’ττὶ</span> <span class='ocrx_word' id='word_1_45' title='bbox 597 527 672 583; x_wconf 74' lang='grc' dir='ltr'>πατὴρ,</span> <span class='ocrx_word' id='word_1_46' title='bbox 687 528 780 583; x_wconf 82' lang='grc' dir='ltr'>μητρὸς</span> <span class='ocrx_word' id='word_1_47' title='bbox 793 532 813 571; x_wconf 67' lang='grc' dir='ltr'>δὲ</span> <span class='ocrx_word' id='word_1_48' title='bbox 822 536 892 586; x_wconf 83' lang='grc' dir='ltr'>πυρίας,</span> <span class='ocrx_word' id='word_1_49' title='bbox 906 534 928 576; x_wconf 79' lang='grc' dir='ltr'>δι’</span> <span class='ocrx_word' id='word_1_50' title='bbox 941 532 965 587; x_wconf 73' lang='grc' dir='ltr'>ἧς</span> 
     </span>
     <span class='ocr_line' id='line_1_7' title="bbox 86 594 584 651; baseline 0 -12"><span class='ocrx_word' id='word_1_51' title='bbox 86 600 111 640; x_wconf 82' lang='grc' dir='ltr'>τά</span> <span class='ocrx_word' id='word_1_52' title='bbox 122 600 157 641; x_wconf 80' lang='grc' dir='ltr'>ὅλα</span> <span class='ocrx_word' id='word_1_53' title='bbox 166 594 217 650; x_wconf 73' lang='grc' dir='ltr'>ἦλθεν</span> <span class='ocrx_word' id='word_1_54' title='bbox 226 598 251 646; x_wconf 79' lang='grc' dir='ltr'>είς</span> <span class='ocrx_word' id='word_1_55' title='bbox 261 601 335 651; x_wconf 81' lang='grc' dir='ltr'>γένεσιν.</span> <span class='ocrx_word' id='word_1_56' title='bbox 350 601 395 637; x_wconf 87' lang='lat' dir='ltr'>item</span> <span class='ocrx_word' id='word_1_57' title='bbox 405 599 458 649; x_wconf 81' lang='lat'>563,</span> <span class='ocrx_word' id='word_1_58' title='bbox 474 601 501 639; x_wconf 71' lang='lat'>29</span> <span class='ocrx_word' id='word_1_59' title='bbox 515 620 538 627; x_wconf 94' lang='lat'><em>-</em></span> <span class='ocrx_word' id='word_1_60' title='bbox 550 601 584 640; x_wconf 81' lang='lat'>31.</span> 
     </span>
    </p>

    <p class='ocr_par' dir='ltr' id='par_1_4' title="bbox 84 666 967 1139">
     <span class='ocr_line' id='line_1_8' title="bbox 171 666 965 722; baseline 0.006 -16"><span class='ocrx_word' id='word_1_61' title='bbox 171 668 195 717; x_wconf 79' lang='lat' dir='ltr'>c)</span> <span class='ocrx_word' id='word_1_62' title='bbox 210 669 262 717; x_wconf 82' lang='lat'>548,</span> <span class='ocrx_word' id='word_1_63' title='bbox 277 672 296 709; x_wconf 93' lang='lat'>6.</span> <span class='ocrx_word' id='word_1_64' title='bbox 312 669 340 707; x_wconf 90' lang='lat' dir='ltr'>dr.</span> <span class='ocrx_word' id='word_1_65' title='bbox 354 672 428 721; x_wconf 89' lang='grc' dir='ltr'>μένων</span> <span class='ocrx_word' id='word_1_66' title='bbox 442 683 460 708; x_wconf 73' lang='grc' dir='ltr'>ν.</span> <span class='ocrx_word' id='word_1_67' title='bbox 471 671 549 720; x_wconf 74' lang='grc' dir='ltr'>μηδαμῆ</span> <span class='ocrx_word' id='word_1_68' title='bbox 562 666 674 722; x_wconf 75' lang='grc' dir='ltr'>τρεπόμενος.</span> <span class='ocrx_word' id='word_1_69' title='bbox 689 672 714 719; x_wconf 72' lang='lat'>2,</span> <span class='ocrx_word' id='word_1_70' title='bbox 730 669 768 719; x_wconf 85' lang='lat'>91,</span> <span class='ocrx_word' id='word_1_71' title='bbox 786 669 818 709; x_wconf 88' lang='grc'>18.</span> <span class='ocrx_word' id='word_1_72' title='bbox 834 668 926 721; x_wconf 78' lang='grc' dir='ltr'>ἀπαθὴς</span> <span class='ocrx_word' id='word_1_73' title='bbox 936 672 965 711; x_wconf 81' lang='grc' dir='ltr'>οθ-</span> 
     </span>
     <span class='ocr_line' id='line_1_9' title="bbox 86 735 965 791; baseline 0 -13"><span class='ocrx_word' id='word_1_74' title='bbox 86 739 123 778; x_wconf 86' lang='grc' dir='ltr'>σία.</span> <span class='ocrx_word' id='word_1_75' title='bbox 136 739 160 776; x_wconf 79' lang='lat' dir='ltr'>ct.</span> <span class='ocrx_word' id='word_1_76' title='bbox 172 739 210 787; x_wconf 73' lang='lat'>24,</span> <span class='ocrx_word' id='word_1_77' title='bbox 230 737 261 778; x_wconf 82' lang='lat'>15.</span> <span class='ocrx_word' id='word_1_78' title='bbox 296 737 410 785; x_wconf 76' lang='lat' dir='ltr'>causaest,</span> <span class='ocrx_word' id='word_1_79' title='bbox 426 739 479 788; x_wconf 88' lang='lat' dir='ltr'>quod</span> <span class='ocrx_word' id='word_1_80' title='bbox 493 740 545 786; x_wconf 91' lang='lat'>644,</span> <span class='ocrx_word' id='word_1_81' title='bbox 563 739 671 780; x_wconf 74' lang='lat'>24—39.</span> <span class='ocrx_word' id='word_1_82' title='bbox 686 735 745 785; x_wconf 81' lang='grc' dir='ltr'>ὁθεὸς</span> <span class='ocrx_word' id='word_1_83' title='bbox 759 736 850 791; x_wconf 78' lang='grc' dir='ltr'>ἀσφαλής</span> <span class='ocrx_word' id='word_1_84' title='bbox 858 740 919 788; x_wconf 81' lang='grc' dir='ltr'>ἐστιν,</span> <span class='ocrx_word' id='word_1_85' title='bbox 938 743 965 778; x_wconf 83' lang='grc' dir='ltr'>έν-</span> 
     </span>
     <span class='ocr_line' id='line_1_10' title="bbox 84 804 967 863; baseline 0.002 -17"><span class='ocrx_word' id='word_1_86' title='bbox 84 805 239 861; x_wconf 81' lang='grc' dir='ltr'>·σφραγιζθμενος,</span> <span class='ocrx_word' id='word_1_87' title='bbox 256 805 283 853; x_wconf 82' lang='grc' dir='ltr'>οἷς</span> <span class='ocrx_word' id='word_1_88' title='bbox 297 805 319 853; x_wconf 82' lang='grc' dir='ltr'>ἀν</span> <span class='ocrx_word' id='word_1_89' title='bbox 330 809 391 859; x_wconf 76' lang='grc' dir='ltr'>ἐθέλῃ,</span> <span class='ocrx_word' id='word_1_90' title='bbox 405 805 426 846; x_wconf 78' lang='grc' dir='ltr'>τὸ</span> <span class='ocrx_word' id='word_1_91' title='bbox 435 804 548 847; x_wconf 80' lang='grc' dir='ltr'>ἀσάλευτον·</span> <span class='ocrx_word' id='word_1_92' title='bbox 562 804 686 860; x_wconf 75' lang='grc' dir='ltr'>ὑπερείδοντος</span> <span class='ocrx_word' id='word_1_93' title='bbox 698 822 716 859; x_wconf 87' lang='grc' dir='ltr'>γ.</span> <span class='ocrx_word' id='word_1_94' title='bbox 726 822 743 847; x_wconf 76' lang='grc' dir='ltr'>κ.</span> <span class='ocrx_word' id='word_1_95' title='bbox 758 809 900 863; x_wconf 80' lang='grc' dir='ltr'>συστηρίζσντος</span> <span class='ocrx_word' id='word_1_96' title='bbox 908 806 967 849; x_wconf 70' lang='grc' dir='ltr'>αὐτοῦ</span> 
     </span>
     <span class='ocr_line' id='line_1_11' title="bbox 85 874 967 932; baseline 0.001 -15"><span class='ocrx_word' id='word_1_97' title='bbox 85 881 135 930; x_wconf 73' lang='grc' dir='ltr'>μενεῖ</span> <span class='ocrx_word' id='word_1_98' title='bbox 142 875 168 917; x_wconf 87' lang='grc' dir='ltr'>τά</span> <span class='ocrx_word' id='word_1_99' title='bbox 178 878 290 916; x_wconf 79' lang='grc' dir='ltr'>συσταθέντα</span> <span class='ocrx_word' id='word_1_100' title='bbox 300 874 393 930; x_wconf 74' lang='grc' dir='ltr'>ἀνώλεθρα</span> <span class='ocrx_word' id='word_1_101' title='bbox 403 880 502 930; x_wconf 80' lang='grc' dir='ltr'>κραταιῶς.</span> <span class='ocrx_word' id='word_1_102' title='bbox 518 878 570 926; x_wconf 81' lang='lat'>690,</span> <span class='ocrx_word' id='word_1_103' title='bbox 588 877 620 916; x_wconf 85' lang='lat'>11.</span> <span class='ocrx_word' id='word_1_104' title='bbox 634 878 669 926; x_wconf 77' lang='grc' dir='ltr'>τῆς</span> <span class='ocrx_word' id='word_1_105' title='bbox 683 874 766 924; x_wconf 86' lang='grc' dir='ltr'>στάσεως</span> <span class='ocrx_word' id='word_1_106' title='bbox 773 892 791 918; x_wconf 77' lang='lat' dir='ltr'>u.</span> <span class='ocrx_word' id='word_1_107' title='bbox 801 877 888 932; x_wconf 78' lang='grc' dir='ltr'>ἱδρύσεως</span> <span class='ocrx_word' id='word_1_108' title='bbox 900 892 918 918; x_wconf 88' lang='grc' dir='ltr'>κ.</span> <span class='ocrx_word' id='word_1_109' title='bbox 926 882 967 929; x_wconf 75' lang='grc' dir='ltr'>’της</span> 
     </span>
     <span class='ocr_line' id='line_1_12' title="bbox 85 942 966 1001; baseline -0.002 -13"><span class='ocrx_word' id='word_1_110' title='bbox 85 950 103 987; x_wconf 80' lang='grc' dir='ltr'>έν</span> <span class='ocrx_word' id='word_1_111' title='bbox 110 945 173 1000; x_wconf 68' lang='grc' dir='ltr'>ταύτῷ</span> <span class='ocrx_word' id='word_1_112' title='bbox 181 944 232 986; x_wconf 81' lang='grc' dir='ltr'>κατά</span> <span class='ocrx_word' id='word_1_113' title='bbox 240 943 261 986; x_wconf 86' lang='grc' dir='ltr'>τὸ</span> <span class='ocrx_word' id='word_1_114' title='bbox 275 942 403 998; x_wconf 77' lang='grc' dir='ltr'>ἀμετάβλητον</span> <span class='ocrx_word' id='word_1_115' title='bbox 416 961 434 986; x_wconf 85' lang='lat' dir='ltr'>u.</span> <span class='ocrx_word' id='word_1_116' title='bbox 443 944 531 1001; x_wconf 81' lang='grc' dir='ltr'>άτρεπτον</span> <span class='ocrx_word' id='word_1_117' title='bbox 547 947 572 992; x_wconf 80' lang='grc' dir='ltr'>εἰς</span> <span class='ocrx_word' id='word_1_118' title='bbox 583 943 613 985; x_wconf 84' lang='grc' dir='ltr'>ἀεὶ</span> <span class='ocrx_word' id='word_1_119' title='bbox 621 948 678 998; x_wconf 71' lang='grc' dir='ltr'>μονῆς</span> <span class='ocrx_word' id='word_1_120' title='bbox 688 947 757 997; x_wconf 74' lang='grc' dir='ltr'>πρῶτον</span> <span class='ocrx_word' id='word_1_121' title='bbox 767 962 785 999; x_wconf 87' lang='grc' dir='ltr'>μ.</span> <span class='ocrx_word' id='word_1_122' title='bbox 796 944 917 1001; x_wconf 75' lang='grc' dir='ltr'>ὑπαρχούσης</span> <span class='ocrx_word' id='word_1_123' title='bbox 924 949 966 1000; x_wconf 82' lang='grc' dir='ltr'>περὶ</span> 
     </span>
     <span class='ocr_line' id='line_1_13' title="bbox 84 1008 964 1070; baseline -0.002 -13"><span class='ocrx_word' id='word_1_124' title='bbox 84 1016 105 1057; x_wconf 77' lang='grc' dir='ltr'>τὸ</span> <span class='ocrx_word' id='word_1_125' title='bbox 119 1015 151 1065; x_wconf 78' lang='grc' dir='ltr'>ὂν,</span> <span class='ocrx_word' id='word_1_126' title='bbox 167 1016 230 1055; x_wconf 74' lang='grc' dir='ltr'>ἔπειτα</span> <span class='ocrx_word' id='word_1_127' title='bbox 240 1014 260 1054; x_wconf 81' lang='grc' dir='ltr'>δὲ</span> <span class='ocrx_word' id='word_1_128' title='bbox 268 1015 309 1067; x_wconf 85' lang='grc' dir='ltr'>περὶ</span> <span class='ocrx_word' id='word_1_129' title='bbox 323 1014 355 1055; x_wconf 78' lang='grc' dir='ltr'>τὸν</span> <span class='ocrx_word' id='word_1_130' title='bbox 369 1013 450 1064; x_wconf 76' lang='grc' dir='ltr'>πάντας</span> <span class='ocrx_word' id='word_1_131' title='bbox 463 1013 516 1068; x_wconf 79' lang='grc' dir='ltr'>λόγον</span> <span class='ocrx_word' id='word_1_132' title='bbox 525 1037 550 1045; x_wconf 90' lang='lat'>-</span> <span class='ocrx_word' id='word_1_133' title='bbox 559 1016 619 1069; x_wconf 87' lang='grc' dir='ltr'>τρίτον</span> <span class='ocrx_word' id='word_1_134' title='bbox 630 1015 652 1054; x_wconf 76' lang='grc' dir='ltr'>δὲ</span> <span class='ocrx_word' id='word_1_135' title='bbox 664 1013 706 1067; x_wconf 81' lang='grc' dir='ltr'>περὶ</span> <span class='ocrx_word' id='word_1_136' title='bbox 717 1012 748 1053; x_wconf 84' lang='grc' dir='ltr'>τὸν</span> <span class='ocrx_word' id='word_1_137' title='bbox 761 1014 827 1067; x_wconf 83' lang='grc' dir='ltr'>σορὸν,</span> <span class='ocrx_word' id='word_1_138' title='bbox 842 1031 859 1055; x_wconf 79' lang='grc' dir='ltr'>ν..</span> <span class='ocrx_word' id='word_1_139' title='bbox 874 1008 964 1070; x_wconf 83' lang='grc' dir='ltr'>τέταρτον</span> 
     </span>
     <span class='ocr_line' id='line_1_14' title="bbox 84 1082 306 1139; baseline -0.009 -14"><span class='ocrx_word' id='word_1_140' title='bbox 84 1087 125 1139; x_wconf 84' lang='grc' dir='ltr'>περὶ</span> <span class='ocrx_word' id='word_1_141' title='bbox 133 1083 165 1125; x_wconf 78' lang='grc' dir='ltr'>τὸν</span> <span class='ocrx_word' id='word_1_142' title='bbox 174 1082 306 1137; x_wconf 80' lang='grc' dir='ltr'>προκόπτοντα.</span> 
     </span>
    </p>

    <p class='ocr_par' dir='ltr' id='par_1_5' title="bbox 78 1143 964 1690">
     <span class='ocr_line' id='line_1_15' title="bbox 173 1143 964 1204; baseline -0.001 -11"><span class='ocrx_word' id='word_1_143' title='bbox 173 1155 199 1204; x_wconf 57' lang='grc' dir='ltr'>γ2)</span> <span class='ocrx_word' id='word_1_144' title='bbox 214 1155 302 1203; x_wconf 79' lang='lat' dir='ltr'>Sequitur</span> <span class='ocrx_word' id='word_1_145' title='bbox 316 1154 374 1190; x_wconf 79' lang='lat' dir='ltr'>alteru</span> <span class='ocrx_word' id='word_1_146' title='bbox 389 1143 433 1204; x_wconf 83' lang='lat' dir='ltr'>pars</span> <span class='ocrx_word' id='word_1_147' title='bbox 453 1153 583 1203; x_wconf 75' lang='lat' dir='ltr'><strong>disputationis</strong></span> <span class='ocrx_word' id='word_1_148' title='bbox 597 1157 682 1202; x_wconf 83' lang='lat' dir='ltr'>nostroe,</span> <span class='ocrx_word' id='word_1_149' title='bbox 702 1164 750 1202; x_wconf 82' lang='lat' dir='ltr'>qua,</span> <span class='ocrx_word' id='word_1_150' title='bbox 777 1153 916 1204; x_wconf 80' lang='lat' dir='ltr'>cujusmodi</span> <span class='ocrx_word' id='word_1_151' title='bbox 934 1156 964 1192; x_wconf 88' lang='lat' dir='ltr'>sit</span> 
     </span>
     <span class='ocr_line' id='line_1_16' title="bbox 83 1221 963 1275; baseline 0 -13"><span class='ocrx_word' id='word_1_152' title='bbox 83 1227 124 1263; x_wconf 78' lang='grc' dir='ltr'>τοῦ</span> <span class='ocrx_word' id='word_1_153' title='bbox 140 1223 204 1264; x_wconf 84' lang='grc' dir='ltr'>θείου</span> <span class='ocrx_word' id='word_1_154' title='bbox 218 1221 290 1275; x_wconf 85' lang='grc' dir='ltr'>λόγου</span> <span class='ocrx_word' id='word_1_155' title='bbox 306 1234 358 1259; x_wconf 87' lang='lat' dir='ltr'>curu</span> <span class='ocrx_word' id='word_1_156' title='bbox 371 1222 428 1271; x_wconf 86' lang='lat' dir='ltr'>ipsc</span> <span class='ocrx_word' id='word_1_157' title='bbox 441 1221 492 1258; x_wconf 83' lang='lat' dir='ltr'>Deo</span> <span class='ocrx_word' id='word_1_158' title='bbox 509 1221 680 1268; x_wconf 79' lang='lat' dir='ltr'>necessitudo,</span> <span class='ocrx_word' id='word_1_159' title='bbox 695 1222 796 1270; x_wconf 85' lang='lat' dir='ltr'>quaeritur.</span> <span class='ocrx_word' id='word_1_160' title='bbox 827 1222 963 1272; x_wconf 72' lang='lat' dir='ltr'>Quaequidem</span> 
     </span>
     <span class='ocr_line' id='line_1_17' title="bbox 84 1289 963 1342; baseline 0.001 -12"><span class='ocrx_word' id='word_1_161' title='bbox 84 1293 180 1342; x_wconf 80' lang='lat' dir='ltr'>quaestio,</span> <span class='ocrx_word' id='word_1_162' title='bbox 196 1305 254 1342; x_wconf 90' lang='lat' dir='ltr'>quum</span> <span class='ocrx_word' id='word_1_163' title='bbox 262 1292 321 1329; x_wconf 86' lang='lat' dir='ltr'>homo</span> <span class='ocrx_word' id='word_1_164' title='bbox 329 1302 367 1328; x_wconf 87' lang='lat' dir='ltr'>non</span> <span class='ocrx_word' id='word_1_165' title='bbox 377 1290 437 1340; x_wconf 85' lang='lat' dir='ltr'>possit</span> <span class='ocrx_word' id='word_1_166' title='bbox 448 1290 482 1327; x_wconf 85' lang='lat' dir='ltr'>nisi</span> <span class='ocrx_word' id='word_1_167' title='bbox 489 1289 572 1329; x_wconf 82' lang='lat' dir='ltr'>humano</span> <span class='ocrx_word' id='word_1_168' title='bbox 579 1303 633 1328; x_wconf 85' lang='lat' dir='ltr'>more</span> <span class='ocrx_word' id='word_1_169' title='bbox 643 1290 667 1327; x_wconf 89' lang='lat' dir='ltr'>de</span> <span class='ocrx_word' id='word_1_170' title='bbox 675 1290 718 1327; x_wconf 89' lang='lat' dir='ltr'>Deo</span> <span class='ocrx_word' id='word_1_171' title='bbox 728 1290 801 1339; x_wconf 83' lang='lat' dir='ltr'>dicere,</span> <span class='ocrx_word' id='word_1_172' title='bbox 816 1292 835 1328; x_wconf 84' lang='lat' dir='ltr'>in</span> <span class='ocrx_word' id='word_1_173' title='bbox 848 1292 917 1342; x_wconf 78' lang='lat' dir='ltr'>duplici</span> <span class='ocrx_word' id='word_1_174' title='bbox 932 1307 963 1331; x_wconf 83' lang='lat' dir='ltr'>ar-</span> 
     </span>
     <span class='ocr_line' id='line_1_18' title="bbox 83 1359 961 1413; baseline -0.001 -13"><span class='ocrx_word' id='word_1_175' title='bbox 83 1368 173 1413; x_wconf 73' lang='lat' dir='ltr'>gumento</span> <span class='ocrx_word' id='word_1_176' title='bbox 184 1367 278 1409; x_wconf 80' lang='lat' dir='ltr'>versatur,</span> <span class='ocrx_word' id='word_1_177' title='bbox 294 1370 440 1410; x_wconf 86' lang='lat' dir='ltr'>quorumuuum</span> <span class='ocrx_word' id='word_1_178' title='bbox 452 1365 525 1409; x_wconf 79' lang='lat' dir='ltr'>spectat</span> <span class='ocrx_word' id='word_1_179' title='bbox 542 1360 567 1397; x_wconf 85' lang='grc' dir='ltr'>πι]</span> <span class='ocrx_word' id='word_1_180' title='bbox 578 1360 688 1397; x_wconf 81' lang='lat' dir='ltr'>facultatem</span> <span class='ocrx_word' id='word_1_181' title='bbox 700 1359 773 1396; x_wconf 85' lang='lat' dir='ltr'>divinae</span> <span class='ocrx_word' id='word_1_182' title='bbox 786 1361 843 1397; x_wconf 87' lang='lat' dir='ltr'>ruenti</span> <span class='ocrx_word' id='word_1_183' title='bbox 855 1361 935 1409; x_wconf 84' lang='lat' dir='ltr'>insitum,</span> <span class='ocrx_word' id='word_1_184' title='bbox 952 1362 961 1402; x_wconf 87' lang='grc' dir='ltr'>ὁ</span> 
     </span>
     <span class='ocr_line' id='line_1_19' title="bbox 83 1428 962 1482; baseline 0 -11"><span class='ocrx_word' id='word_1_185' title='bbox 83 1435 96 1471; x_wconf 89' lang='grc' dir='ltr'>θ.</span> <span class='ocrx_word' id='word_1_186' title='bbox 110 1435 126 1470; x_wconf 93' lang='grc' dir='ltr'>λ.</span> <span class='ocrx_word' id='word_1_187' title='bbox 141 1432 313 1482; x_wconf 67' lang='grc' dir='ltr'>εωθγγωτίίνπ,ηιιωσ</span> <span class='ocrx_word' id='word_1_188' title='bbox 328 1429 368 1474; x_wconf 90' lang='lat' dir='ltr'>vel,</span> <span class='ocrx_word' id='word_1_189' title='bbox 383 1428 399 1465; x_wconf 84' lang='lat' dir='ltr'>si</span> <span class='ocrx_word' id='word_1_190' title='bbox 413 1428 441 1464; x_wconf 79' lang='lat' dir='ltr'>fas</span> <span class='ocrx_word' id='word_1_191' title='bbox 455 1432 483 1465; x_wconf 78' lang='lat' dir='ltr'>est</span> <span class='ocrx_word' id='word_1_192' title='bbox 493 1428 531 1465; x_wconf 89' lang='lat' dir='ltr'>hoc</span> <span class='ocrx_word' id='word_1_193' title='bbox 543 1428 616 1475; x_wconf 84' lang='lat' dir='ltr'>dicere,</span> <span class='ocrx_word' id='word_1_194' title='bbox 636 1429 695 1465; x_wconf 78' lang='lat' dir='ltr'>otioso</span> <span class='ocrx_word' id='word_1_195' title='bbox 707 1429 794 1477; x_wconf 78' lang='lat' dir='ltr'>quiescit,</span> <span class='ocrx_word' id='word_1_196' title='bbox 809 1429 839 1466; x_wconf 87' lang='lat' dir='ltr'>vcl</span> <span class='ocrx_word' id='word_1_197' title='bbox 859 1430 877 1468; x_wconf 89' lang='lat' dir='ltr'>in</span> <span class='ocrx_word' id='word_1_198' title='bbox 890 1433 962 1471; x_wconf 72' lang='lat' dir='ltr'>actione</span> 
     </span>
     <span class='ocr_line' id='line_1_20' title="bbox 82 1496 962 1554; baseline -0.001 -15"><span class='ocrx_word' id='word_1_199' title='bbox 82 1502 118 1539; x_wconf 88' lang='lat' dir='ltr'>Dei</span> <span class='ocrx_word' id='word_1_200' title='bbox 135 1515 155 1539; x_wconf 84' lang='lat' dir='ltr'>se</span> <span class='ocrx_word' id='word_1_201' title='bbox 172 1499 233 1554; x_wconf 81' lang='lat' dir='ltr'>ipsum</span> <span class='ocrx_word' id='word_1_202' title='bbox 247 1498 379 1536; x_wconf 79' lang='lat' dir='ltr'>manifestantis</span> <span class='ocrx_word' id='word_1_203' title='bbox 400 1496 491 1543; x_wconf 83' lang='lat' dir='ltr'>cernitur,</span> <span class='ocrx_word' id='word_1_204' title='bbox 514 1498 594 1534; x_wconf 82' lang='lat' dir='ltr'>alterum</span> <span class='ocrx_word' id='word_1_205' title='bbox 608 1497 634 1533; x_wconf 81' lang='lat' dir='ltr'>ad</span> <span class='ocrx_word' id='word_1_206' title='bbox 647 1497 737 1534; x_wconf 83' lang='lat' dir='ltr'>effectum</span> <span class='ocrx_word' id='word_1_207' title='bbox 755 1497 795 1548; x_wconf 80' lang='lat' dir='ltr'>ejus</span> <span class='ocrx_word' id='word_1_208' title='bbox 812 1498 915 1550; x_wconf 72' lang='lat' dir='ltr'>facultatis,</span> <span class='ocrx_word' id='word_1_209' title='bbox 934 1515 962 1539; x_wconf 80' lang='lat' dir='ltr'>se-</span> 
     </span>
     <span class='ocr_line' id='line_1_21' title="bbox 78 1553 961 1621; baseline 0 -14"><span class='ocrx_word' id='word_1_210' title='bbox 78 1553 166 1621; x_wconf 72' lang='lat' dir='ltr'>junctum</span> <span class='ocrx_word' id='word_1_211' title='bbox 181 1570 234 1607; x_wconf 88' lang='lat' dir='ltr'>illurn</span> <span class='ocrx_word' id='word_1_212' title='bbox 250 1582 262 1606; x_wconf 79' lang='lat' dir='ltr'>a</span> <span class='ocrx_word' id='word_1_213' title='bbox 276 1572 343 1605; x_wconf 78' lang='lat' dir='ltr'>natura</span> <span class='ocrx_word' id='word_1_214' title='bbox 356 1566 393 1604; x_wconf 82' lang='lat' dir='ltr'>Dei</span> <span class='ocrx_word' id='word_1_215' title='bbox 408 1578 430 1601; x_wconf 80' lang='lat' dir='ltr'>ac</span> <span class='ocrx_word' id='word_1_216' title='bbox 448 1566 501 1602; x_wconf 84' lang='lat' dir='ltr'>velut</span> <span class='ocrx_word' id='word_1_217' title='bbox 517 1566 625 1614; x_wconf 82' lang='lat' dir='ltr'>diversum,</span> <span class='ocrx_word' id='word_1_218' title='bbox 646 1566 746 1617; x_wconf 72' lang='lat' dir='ltr'>cogitando</span> <span class='ocrx_word' id='word_1_219' title='bbox 759 1570 809 1602; x_wconf 87' lang='lat' dir='ltr'>certe</span> <span class='ocrx_word' id='word_1_220' title='bbox 825 1567 961 1618; x_wconf 71' lang='lat' dir='ltr'>sejungendum</span> 
     </span>
     <span class='ocr_line' id='line_1_22' title="bbox 83 1628 846 1690; baseline -0.004 -13"><span class='ocrx_word' id='word_1_221' title='bbox 83 1639 200 1690; x_wconf 78' lang='lat' dir='ltr'>(objectiveJ.</span> <span class='ocrx_word' id='word_1_222' title='bbox 228 1637 255 1674; x_wconf 86' lang='lat' dir='ltr'>Et</span> <span class='ocrx_word' id='word_1_223' title='bbox 262 1637 314 1688; x_wconf 90' lang='lat' dir='ltr'>prius</span> <span class='ocrx_word' id='word_1_224' title='bbox 321 1628 405 1690; x_wconf 16' lang='lat' dir='ltr'>‘quidem</span> <span class='ocrx_word' id='word_1_225' title='bbox 412 1634 459 1672; x_wconf 88' lang='lat' dir='ltr'>illud</span> <span class='ocrx_word' id='word_1_226' title='bbox 466 1648 526 1685; x_wconf 78' lang='lat' dir='ltr'>genus</span> <span class='ocrx_word' id='word_1_227' title='bbox 535 1635 550 1672; x_wconf 88' lang='lat' dir='ltr'>si</span> <span class='ocrx_word' id='word_1_228' title='bbox 558 1635 675 1684; x_wconf 81' lang='lat' dir='ltr'>requirimus,</span> <span class='ocrx_word' id='word_1_229' title='bbox 684 1640 712 1672; x_wconf 87' lang='lat' dir='ltr'>cst</span> <span class='ocrx_word' id='word_1_230' title='bbox 722 1631 731 1673; x_wconf 82' lang='grc' dir='ltr'>ὁ</span> <span class='ocrx_word' id='word_1_231' title='bbox 741 1635 784 1680; x_wconf 80' lang='grc' dir='ltr'>θεῖος</span> <span class='ocrx_word' id='word_1_232' title='bbox 792 1632 846 1688; x_wconf 75' lang='grc' dir='ltr'>λόγος</span> 
     </span>
    </p>

    <p class='ocr_par' dir='ltr' id='par_1_6' title="bbox 77 1702 963 2593">
     <span class='ocr_line' id='line_1_23' title="bbox 168 1702 961 1758; baseline 0 -12"><span class='ocrx_word' id='word_1_233' title='bbox 168 1708 192 1758; x_wconf 81' lang='grc' dir='ltr'>ιι)</span> <span class='ocrx_word' id='word_1_234' title='bbox 206 1704 279 1758; x_wconf 75' lang='grc' dir='ltr'>δύναμ</span> <span class='ocrx_word' id='word_1_235' title='bbox 289 1719 309 1752; x_wconf 86' lang='grc' dir='ltr'>ις</span> <span class='ocrx_word' id='word_1_236' title='bbox 323 1707 382 1744; x_wconf 80' lang='grc' dir='ltr'>θεοῦ,</span> <span class='ocrx_word' id='word_1_237' title='bbox 411 1702 448 1740; x_wconf 83' lang='grc' dir='ltr'>Ηίο</span> <span class='ocrx_word' id='word_1_238' title='bbox 457 1704 515 1740; x_wconf 83' lang='lat' dir='ltr'>semel</span> <span class='ocrx_word' id='word_1_239' title='bbox 523 1703 616 1740; x_wconf 85' lang='lat' dir='ltr'>monuisse</span> <span class='ocrx_word' id='word_1_240' title='bbox 625 1704 715 1751; x_wconf 83' lang='lat' dir='ltr'>sufficiat,</span> <span class='ocrx_word' id='word_1_241' title='bbox 730 1715 779 1752; x_wconf 82' lang='lat' dir='ltr'>quae</span> <span class='ocrx_word' id='word_1_242' title='bbox 791 1704 814 1740; x_wconf 85' lang='lat' dir='ltr'>sit</span> <span class='ocrx_word' id='word_1_243' title='bbox 821 1706 879 1742; x_wconf 82' lang='lat' dir='ltr'>nostri</span> <span class='ocrx_word' id='word_1_244' title='bbox 889 1705 961 1746; x_wconf 86' lang='lat' dir='ltr'>dehoc</span> 
     </span>
     <span class='ocr_line' id='line_1_24' title="bbox 77 1766 963 1828; baseline -0.001 -15"><span class='ocrx_word' id='word_1_245' title='bbox 77 1783 122 1815; x_wconf 61' lang='lat' dir='ltr'>,toto</span> <span class='ocrx_word' id='word_1_246' title='bbox 136 1789 207 1828; x_wconf 77' lang='lat' dir='ltr'>genere</span> <span class='ocrx_word' id='word_1_247' title='bbox 217 1773 311 1813; x_wconf 78' lang='lat' dir='ltr'>sententia.</span> <span class='ocrx_word' id='word_1_248' title='bbox 327 1771 380 1819; x_wconf 70' lang='lat'>582,</span> <span class='ocrx_word' id='word_1_249' title='bbox 395 1773 428 1811; x_wconf 75' lang='lat'>38.</span> <span class='ocrx_word' id='word_1_250' title='bbox 444 1769 468 1810; x_wconf 76' lang='grc' dir='ltr'>τὸ</span> <span class='ocrx_word' id='word_1_251' title='bbox 484 1769 517 1819; x_wconf 75' lang='grc' dir='ltr'>ὃν,</span> <span class='ocrx_word' id='word_1_252' title='bbox 532 1766 576 1822; x_wconf 68' lang='grc' dir='ltr'>η’άν</span> <span class='ocrx_word' id='word_1_253' title='bbox 586 1773 645 1821; x_wconf 75' lang='grc' dir='ltr'>ἐστιν,</span> <span class='ocrx_word' id='word_1_254' title='bbox 660 1769 712 1823; x_wconf 63' lang='lat' dir='ltr'>cdxl</span> <span class='ocrx_word' id='word_1_255' title='bbox 726 1775 770 1811; x_wconf 77' lang='grc' dir='ltr'>τῶν</span> <span class='ocrx_word' id='word_1_256' title='bbox 785 1771 842 1826; x_wconf 85' lang='grc' dir='ltr'>πρός</span> <span class='ocrx_word' id='word_1_257' title='bbox 856 1789 879 1813; x_wconf 92' lang='grc' dir='ltr'>τι.</span> <span class='ocrx_word' id='word_1_258' title='bbox 895 1788 912 1815; x_wconf 75' lang='grc' dir='ltr'>ι’,</span> <span class='ocrx_word' id='word_1_259' title='bbox 928 1779 963 1817; x_wconf 75' lang='grc'>46,</span> 
     </span>
     <span class='ocr_line' id='line_1_25' title="bbox 81 1838 963 1895; baseline 0.001 -11"><span class='ocrx_word' id='word_1_260' title='bbox 81 1849 125 1885; x_wconf 81' lang='grc' dir='ltr'>τῶν</span> <span class='ocrx_word' id='word_1_261' title='bbox 139 1847 163 1885; x_wconf 82' lang='grc' dir='ltr'>δὲ</span> <span class='ocrx_word' id='word_1_262' title='bbox 177 1841 338 1895; x_wconf 76' lang='grc' dir='ltr'>δυνάμεων-</span> <span class='ocrx_word' id='word_1_263' title='bbox 349 1839 412 1886; x_wconf 80' lang='grc' dir='ltr'>ἐνίας</span> <span class='ocrx_word' id='word_1_264' title='bbox 427 1842 531 1892; x_wconf 82' lang='grc' dir='ltr'>συμβέβηκε</span> <span class='ocrx_word' id='word_1_265' title='bbox 541 1843 625 1892; x_wconf 88' lang='grc' dir='ltr'>λέγεσθαι</span> <span class='ocrx_word' id='word_1_266' title='bbox 639 1838 695 1893; x_wconf 85' lang='grc' dir='ltr'>πρὸς</span> <span class='ocrx_word' id='word_1_267' title='bbox 714 1855 742 1880; x_wconf 90' lang='grc' dir='ltr'>τι.</span> <span class='ocrx_word' id='word_1_268' title='bbox 761 1843 810 1879; x_wconf 82' lang='lat' dir='ltr'>Deus</span> <span class='ocrx_word' id='word_1_269' title='bbox 822 1843 878 1893; x_wconf 84' lang='lat' dir='ltr'>igitur</span> <span class='ocrx_word' id='word_1_270' title='bbox 891 1845 963 1885; x_wconf 86' lang='lat' dir='ltr'>viribus</span> 
     </span>
     <span class='ocr_line' id='line_1_26' title="bbox 81 1909 963 1963; baseline 0.002 -11"><span class='ocrx_word' id='word_1_271' title='bbox 81 1916 118 1952; x_wconf 84' lang='lat' dir='ltr'>suis</span> <span class='ocrx_word' id='word_1_272' title='bbox 128 1916 186 1963; x_wconf 83' lang='lat' dir='ltr'>longe</span> <span class='ocrx_word' id='word_1_273' title='bbox 198 1911 283 1962; x_wconf 83' lang='lat' dir='ltr'>superior</span> <span class='ocrx_word' id='word_1_274' title='bbox 291 1913 381 1947; x_wconf 82' lang='lat' dir='ltr'>censetur.</span> <span class='ocrx_word' id='word_1_275' title='bbox 411 1909 450 1947; x_wconf 80' lang='lat' dir='ltr'>Sex</span> <span class='ocrx_word' id='word_1_276' title='bbox 457 1910 507 1946; x_wconf 86' lang='lat' dir='ltr'>enim</span> <span class='ocrx_word' id='word_1_277' title='bbox 514 1910 557 1948; x_wconf 83' lang='lat' dir='ltr'>illae</span> <span class='ocrx_word' id='word_1_278' title='bbox 564 1911 620 1948; x_wconf 85' lang='lat' dir='ltr'>urbes</span> <span class='ocrx_word' id='word_1_279' title='bbox 627 1910 733 1958; x_wconf 85' lang='lat' dir='ltr'>Leviticae,</span> <span class='ocrx_word' id='word_1_280' title='bbox 748 1923 796 1960; x_wconf 87' lang='lat' dir='ltr'>quae</span> <span class='ocrx_word' id='word_1_281' title='bbox 799 1911 832 1961; x_wconf 84' lang='lat' dir='ltr'>jus</span> <span class='ocrx_word' id='word_1_282' title='bbox 844 1914 892 1963; x_wconf 80' lang='lat' dir='ltr'>asyli</span> <span class='ocrx_word' id='word_1_283' title='bbox 900 1915 963 1954; x_wconf 82' lang='lat' dir='ltr'>habe.</span> 
     </span>
     <span class='ocr_line' id='line_1_27' title="bbox 80 1977 962 2036; baseline 0.005 -16"><span class='ocrx_word' id='word_1_284' title='bbox 80 1984 125 2021; x_wconf 80' lang='lat' dir='ltr'>hant</span> <span class='ocrx_word' id='word_1_285' title='bbox 133 1994 156 2019; x_wconf 82' lang='lat' dir='ltr'>ex</span> <span class='ocrx_word' id='word_1_286' title='bbox 166 1982 211 2031; x_wconf 77' lang='lat' dir='ltr'>lege</span> <span class='ocrx_word' id='word_1_287' title='bbox 218 1981 275 2018; x_wconf 85' lang='lat' dir='ltr'>Num.</span> <span class='ocrx_word' id='word_1_288' title='bbox 290 1977 329 2025; x_wconf 79' lang='lat'>35,</span> <span class='ocrx_word' id='word_1_289' title='bbox 345 1979 378 2018; x_wconf 81' lang='lat'>13.</span> <span class='ocrx_word' id='word_1_290' title='bbox 408 1978 510 2018; x_wconf 83' lang='lat' dir='ltr'>Deilterou.</span> <span class='ocrx_word' id='word_1_291' title='bbox 526 1981 563 2028; x_wconf 77' lang='lat'>19,</span> <span class='ocrx_word' id='word_1_292' title='bbox 578 1980 597 2019; x_wconf 85' lang='lat'>7.</span> <span class='ocrx_word' id='word_1_293' title='bbox 615 1982 642 2026; x_wconf 78' lang='grc'>9.,</span> <span class='ocrx_word' id='word_1_294' title='bbox 656 1984 719 2017; x_wconf 86' lang='lat' dir='ltr'>nostro</span> <span class='ocrx_word' id='word_1_295' title='bbox 732 1984 772 2016; x_wconf 88' lang='lat' dir='ltr'>sunt</span> <span class='ocrx_word' id='word_1_296' title='bbox 784 1992 817 2017; x_wconf 84' lang='lat' dir='ltr'>sex</span> <span class='ocrx_word' id='word_1_297' title='bbox 824 1980 860 2018; x_wconf 85' lang='lat' dir='ltr'>Dei</span> <span class='ocrx_word' id='word_1_298' title='bbox 869 1982 962 2036; x_wconf 78' lang='grc' dir='ltr'>δυνάμεις,</span> 
     </span>
     <span class='ocr_line' id='line_1_28' title="bbox 81 2045 961 2106; baseline -0.005 -18"><span class='ocrx_word' id='word_1_299' title='bbox 81 2050 182 2101; x_wconf 86' lang='lat' dir='ltr'>dequibus</span> <span class='ocrx_word' id='word_1_300' title='bbox 197 2048 250 2097; x_wconf 83' lang='lat'>666,</span> <span class='ocrx_word' id='word_1_301' title='bbox 266 2050 299 2088; x_wconf 82' lang='lat'>13.</span> <span class='ocrx_word' id='word_1_302' title='bbox 313 2060 341 2097; x_wconf 84' lang='lat' dir='ltr'>sq.</span> <span class='ocrx_word' id='word_1_303' title='bbox 353 2048 379 2084; x_wconf 76' lang='lat' dir='ltr'>itu</span> <span class='ocrx_word' id='word_1_304' title='bbox 388 2046 469 2087; x_wconf 83' lang='lat' dir='ltr'>disserit:</span> <span class='ocrx_word' id='word_1_305' title='bbox 483 2046 524 2101; x_wconf 76' lang='grc' dir='ltr'>ηρ.</span> <span class='ocrx_word' id='word_1_306' title='bbox 532 2046 651 2102; x_wconf 70' lang='grc' dir='ltr'>πρεσβυτάτη</span> <span class='ocrx_word' id='word_1_307' title='bbox 663 2063 679 2088; x_wconf 83' lang='grc' dir='ltr'>κ.</span> <span class='ocrx_word' id='word_1_308' title='bbox 691 2045 798 2100; x_wconf 81' lang='grc' dir='ltr'>ὀχυρωτάτη</span> <span class='ocrx_word' id='word_1_309' title='bbox 809 2063 827 2088; x_wconf 83' lang='grc' dir='ltr'>κ,</span> <span class='ocrx_word' id='word_1_310' title='bbox 839 2048 908 2104; x_wconf 67' lang='grc' dir='ltr'>ἀρίστη</span> <span class='ocrx_word' id='word_1_311' title='bbox 920 2068 961 2106; x_wconf 69' lang='grc' dir='ltr'>μη.</span> 
     </span>
     <span class='ocr_line' id='line_1_29' title="bbox 80 2114 959 2175; baseline -0.001 -13"><span class='ocrx_word' id='word_1_312' title='bbox 80 2118 207 2174; x_wconf 69' lang='grc' dir='ltr'>πρόπολος,</span> <span class='ocrx_word' id='word_1_313' title='bbox 222 2116 256 2158; x_wconf 70' lang='lat' dir='ltr'>ndu</span> <span class='ocrx_word' id='word_1_314' title='bbox 265 2115 312 2157; x_wconf 78' lang='grc' dir='ltr'>αὐτὸ</span> <span class='ocrx_word' id='word_1_315' title='bbox 323 2114 376 2170; x_wconf 80' lang='grc' dir='ltr'>μόνον</span> <span class='ocrx_word' id='word_1_316' title='bbox 386 2115 447 2168; x_wconf 77' lang='grc' dir='ltr'>πόλις,</span> <span class='ocrx_word' id='word_1_317' title='bbox 462 2116 471 2158; x_wconf 79' lang='grc' dir='ltr'>ὁ</span> <span class='ocrx_word' id='word_1_318' title='bbox 483 2115 527 2164; x_wconf 75' lang='grc' dir='ltr'>θεῖός</span> <span class='ocrx_word' id='word_1_319' title='bbox 541 2119 580 2158; x_wconf 83' lang='grc' dir='ltr'>ἐστι</span> <span class='ocrx_word' id='word_1_320' title='bbox 592 2115 654 2171; x_wconf 79' lang='grc' dir='ltr'>λόγος,</span> <span class='ocrx_word' id='word_1_321' title='bbox 669 2115 695 2169; x_wconf 76' lang='grc' dir='ltr'>ἐφ’</span> <span class='ocrx_word' id='word_1_322' title='bbox 707 2116 727 2156; x_wconf 77' lang='grc' dir='ltr'>ὃν</span> <span class='ocrx_word' id='word_1_323' title='bbox 741 2119 812 2170; x_wconf 77' lang='grc' dir='ltr'>πρῶτον</span> <span class='ocrx_word' id='word_1_324' title='bbox 834 2121 959 2175; x_wconf 78' lang='grc' dir='ltr'>καταφεύ-</span> 
     </span>
     <span class='ocr_line' id='line_1_30' title="bbox 80 2184 957 2243; baseline -0.001 -13"><span class='ocrx_word' id='word_1_325' title='bbox 80 2205 130 2243; x_wconf 87' lang='grc' dir='ltr'>γειν</span> <span class='ocrx_word' id='word_1_326' title='bbox 149 2186 294 2243; x_wconf 79' lang='grc' dir='ltr'>ὠφελιμώτατον,</span> <span class='ocrx_word' id='word_1_327' title='bbox 323 2187 347 2227; x_wconf 78' lang='lat' dir='ltr'>At</span> <span class='ocrx_word' id='word_1_328' title='bbox 364 2185 380 2225; x_wconf 79' lang='grc' dir='ltr'>δ’</span> <span class='ocrx_word' id='word_1_329' title='bbox 392 2185 449 2226; x_wconf 84' lang='grc' dir='ltr'>άλλαι</span> <span class='ocrx_word' id='word_1_330' title='bbox 467 2189 531 2236; x_wconf 80' lang='grc' dir='ltr'>πέντε,</span> <span class='ocrx_word' id='word_1_331' title='bbox 551 2185 576 2233; x_wconf 76' lang='grc' dir='ltr'>ὥς</span> <span class='ocrx_word' id='word_1_332' title='bbox 588 2186 612 2227; x_wconf 82' lang='grc' dir='ltr'>ἀν</span> <span class='ocrx_word' id='word_1_333' title='bbox 625 2184 719 2235; x_wconf 82' lang='grc' dir='ltr'>ἀποικίαι,</span> <span class='ocrx_word' id='word_1_334' title='bbox 734 2184 851 2240; x_wconf 78' lang='grc' dir='ltr'>δυνάμεις</span> <span class='ocrx_word' id='word_1_335' title='bbox 870 2191 903 2230; x_wconf 80' lang='grc' dir='ltr'>εἶσί</span> <span class='ocrx_word' id='word_1_336' title='bbox 917 2192 957 2229; x_wconf 79' lang='grc' dir='ltr'>τοῦ</span> 
     </span>
     <span class='ocr_line' id='line_1_31' title="bbox 80 2252 957 2310; baseline -0.001 -11"><span class='ocrx_word' id='word_1_337' title='bbox 80 2261 193 2310; x_wconf 86' lang='grc' dir='ltr'>λέγοντος</span> <span class='ocrx_word' id='word_1_338' title='bbox 207 2252 402 2310; x_wconf 73' lang='grc' dir='ltr'>τάλὴποιητιιιά</span> <span class='ocrx_word' id='word_1_339' title='bbox 417 2268 434 2292; x_wconf 85' lang='lat' dir='ltr'>v.</span> <span class='ocrx_word' id='word_1_340' title='bbox 445 2256 477 2295; x_wconf 85' lang='lat'>17.</span> <span class='ocrx_word' id='word_1_341' title='bbox 492 2255 521 2294; x_wconf 84' lang='lat' dir='ltr'>cll.</span> <span class='ocrx_word' id='word_1_342' title='bbox 532 2257 582 2307; x_wconf 87' lang='lat'>464,</span> <span class='ocrx_word' id='word_1_343' title='bbox 597 2259 630 2298; x_wconf 71' lang='lat'>37,</span> <span class='ocrx_word' id='word_1_344' title='bbox 641 2257 674 2296; x_wconf 81' lang='lat'>40.</span> <span class='ocrx_word' id='word_1_345' title='bbox 689 2254 723 2296; x_wconf 80' lang='grc'>43.</span> <span class='ocrx_word' id='word_1_346' title='bbox 738 2252 885 2310; x_wconf 78' lang='grc' dir='ltr'>ἠβασιλικη.</span> <span class='ocrx_word' id='word_1_347' title='bbox 899 2272 915 2298; x_wconf 80' lang='grc' dir='ltr'>ν’.</span> <span class='ocrx_word' id='word_1_348' title='bbox 925 2261 957 2299; x_wconf 86' lang='grc'>18,</span> 
     </span>
     <span class='ocr_line' id='line_1_32' title="bbox 80 2320 959 2382; baseline -0.002 -13"><span class='ocrx_word' id='word_1_349' title='bbox 80 2327 178 2382; x_wconf 77' lang='grc' dir='ltr'>ἡθλεως.</span> <span class='ocrx_word' id='word_1_350' title='bbox 192 2342 210 2367; x_wconf 91' lang='lat' dir='ltr'>v.</span> <span class='ocrx_word' id='word_1_351' title='bbox 220 2331 254 2369; x_wconf 71' lang='lat'>20.</span> <span class='ocrx_word' id='word_1_352' title='bbox 268 2320 441 2379; x_wconf 78' lang='grc' dir='ltr'>ἠνσμοθετιντη.</span> <span class='ocrx_word' id='word_1_353' title='bbox 456 2337 473 2362; x_wconf 84' lang='lat' dir='ltr'>v.</span> <span class='ocrx_word' id='word_1_354' title='bbox 484 2326 517 2364; x_wconf 73' lang='lat'>⁹22.</span> <span class='ocrx_word' id='word_1_355' title='bbox 533 2338 582 2374; x_wconf 80' lang='lat' dir='ltr'>quae</span> <span class='ocrx_word' id='word_1_356' title='bbox 592 2330 693 2377; x_wconf 81' lang='lat' dir='ltr'>postrema,</span> <span class='ocrx_word' id='word_1_357' title='bbox 707 2337 766 2375; x_wconf 90' lang='lat' dir='ltr'>quum</span> <span class='ocrx_word' id='word_1_358' title='bbox 779 2328 802 2365; x_wconf 85' lang='lat' dir='ltr'>sit</span> <span class='ocrx_word' id='word_1_359' title='bbox 812 2334 831 2366; x_wconf 83' lang='lat' dir='ltr'>et</span> <span class='ocrx_word' id='word_1_360' title='bbox 841 2320 959 2380; x_wconf 79' lang='grc' dir='ltr'>προςτάτ-</span> 
     </span>
     <span class='ocr_line' id='line_1_33' title="bbox 81 2392 960 2451; baseline -0.003 -10"><span class='ocrx_word' id='word_1_361' title='bbox 81 2412 157 2441; x_wconf 90' lang='grc' dir='ltr'>τουσα</span> <span class='ocrx_word' id='word_1_362' title='bbox 171 2402 190 2435; x_wconf 87' lang='lat' dir='ltr'>et</span> <span class='ocrx_word' id='word_1_363' title='bbox 204 2394 401 2450; x_wconf 73' lang='grc' dir='ltr'>ἀπαγορεύουσα,</span> <span class='ocrx_word' id='word_1_364' title='bbox 415 2407 433 2431; x_wconf 80' lang='grc' dir='ltr'>ν.</span> <span class='ocrx_word' id='word_1_365' title='bbox 444 2392 484 2442; x_wconf 81' lang='lat'>47,</span> <span class='ocrx_word' id='word_1_366' title='bbox 500 2392 579 2432; x_wconf 81' lang='lat' dir='ltr'>dirarum</span> <span class='ocrx_word' id='word_1_367' title='bbox 587 2396 650 2433; x_wconf 87' lang='lat' dir='ltr'>locum</span> <span class='ocrx_word' id='word_1_368' title='bbox 658 2394 730 2445; x_wconf 86' lang='lat' dir='ltr'>implet.</span> <span class='ocrx_word' id='word_1_369' title='bbox 745 2418 775 2425; x_wconf 84' lang='lat'>-</span> <span class='ocrx_word' id='word_1_370' title='bbox 789 2411 805 2436; x_wconf 84' lang='lat' dir='ltr'>v.</span> <span class='ocrx_word' id='word_1_371' title='bbox 816 2398 847 2437; x_wconf 79' lang='lat'>31.</span> <span class='ocrx_word' id='word_1_372' title='bbox 861 2399 960 2451; x_wconf 80' lang='grc' dir='ltr'>προτρέπει</span> 
     </span>
     <span class='ocr_line' id='line_1_34' title="bbox 81 2460 960 2522; baseline 0.001 -15"><span class='ocrx_word' id='word_1_373' title='bbox 81 2469 105 2522; x_wconf 71' lang='grc' dir='ltr'>δὴ</span> <span class='ocrx_word' id='word_1_374' title='bbox 114 2464 143 2509; x_wconf 76' lang='grc' dir='ltr'>οὖν</span> <span class='ocrx_word' id='word_1_375' title='bbox 152 2465 184 2507; x_wconf 84' lang='grc' dir='ltr'>τὸν</span> <span class='ocrx_word' id='word_1_376' title='bbox 191 2480 210 2518; x_wconf 90' lang='grc' dir='ltr'>μ.</span> <span class='ocrx_word' id='word_1_377' title='bbox 222 2462 332 2517; x_wconf 71' lang='grc' dir='ltr'>ἀκνδρομείν</span> <span class='ocrx_word' id='word_1_378' title='bbox 343 2463 404 2507; x_wconf 73' lang='grc' dir='ltr'>ἱκανὸν</span> <span class='ocrx_word' id='word_1_379' title='bbox 415 2463 509 2503; x_wconf 88' lang='grc' dir='ltr'>συντείνειν</span> <span class='ocrx_word' id='word_1_380' title='bbox 519 2460 607 2502; x_wconf 86' lang='grc' dir='ltr'>ἀπνευστὶ</span> <span class='ocrx_word' id='word_1_381' title='bbox 614 2462 659 2516; x_wconf 79' lang='grc' dir='ltr'>πρὸς</span> <span class='ocrx_word' id='word_1_382' title='bbox 668 2461 700 2504; x_wconf 76' lang='grc' dir='ltr'>τὸν</span> <span class='ocrx_word' id='word_1_383' title='bbox 709 2462 796 2507; x_wconf 83' lang='grc' dir='ltr'>ἀνωτάτω</span> <span class='ocrx_word' id='word_1_384' title='bbox 805 2466 848 2504; x_wconf 79' lang='grc' dir='ltr'>θεῖον</span> <span class='ocrx_word' id='word_1_385' title='bbox 860 2463 925 2518; x_wconf 74' lang='grc' dir='ltr'>λέγων,</span> <span class='ocrx_word' id='word_1_386' title='bbox 940 2467 960 2516; x_wconf 78' lang='grc' dir='ltr'>ὃς</span> 
     </span>
     <span class='ocr_line' id='line_1_35' title="bbox 82 2531 960 2593; baseline 0 -15"><span class='ocrx_word' id='word_1_387' title='bbox 82 2540 169 2593; x_wconf 79' lang='grc' dir='ltr'>σοφίας</span> <span class='ocrx_word' id='word_1_388' title='bbox 183 2535 222 2575; x_wconf 82' lang='grc' dir='ltr'>ἐστὶ</span> <span class='ocrx_word' id='word_1_389' title='bbox 236 2531 308 2585; x_wconf 74' lang='grc' dir='ltr'>πηγή.</span> <span class='ocrx_word' id='word_1_390' title='bbox 323 2534 397 2585; x_wconf 61' lang='lat' dir='ltr'>culo.</span> <span class='ocrx_word' id='word_1_391' title='bbox 410 2548 436 2585; x_wconf 90' lang='lat' dir='ltr'>sq.</span> <span class='ocrx_word' id='word_1_392' title='bbox 447 2534 467 2574; x_wconf 88' lang='grc' dir='ltr'>αί</span> <span class='ocrx_word' id='word_1_393' title='bbox 478 2547 496 2585; x_wconf 88' lang='grc' dir='ltr'>μ.</span> <span class='ocrx_word' id='word_1_394' title='bbox 505 2534 559 2573; x_wconf 83' lang='grc' dir='ltr'>πέντε</span> <span class='ocrx_word' id='word_1_395' title='bbox 569 2533 617 2584; x_wconf 76' lang='grc' dir='ltr'>(θεοῦ</span> <span class='ocrx_word' id='word_1_396' title='bbox 623 2532 719 2588; x_wconf 74' lang='grc' dir='ltr'>δυνάμεις)</span> <span class='ocrx_word' id='word_1_397' title='bbox 730 2533 879 2585; x_wconf 85' lang='grc' dir='ltr'>ἀπεινισνίσθησοιν</span> <span class='ocrx_word' id='word_1_398' title='bbox 888 2540 960 2578; x_wconf 72' lang='grc' dir='ltr'>κέστιν</span> 
     </span>
    </p>

    <p class='ocr_par' dir='ltr' id='par_1_7' title="bbox 693 2609 728 2646">
     <span class='ocr_line' id='line_1_36' title="bbox 693 2609 728 2646; baseline 0 -9"><span class='ocrx_word' id='word_1_399' title='bbox 693 2609 728 2646; x_wconf 73' lang='lat'>6*</span> 
     </span>
    </p>
   </div>
   <div class='ocr_carea' id='block_1_3' title="bbox 0 0 1114 3048">
    <p class='ocr_par' dir='ltr' id='par_1_8' title="bbox 0 0 1114 3048">
     <span class='ocr_line' id='line_1_37' title="bbox 0 0 1114 3048; baseline 0 0"><span class='ocrx_word' id='word_1_400' title='bbox 0 0 1114 3048; x_wconf 95' lang='lat' dir='ltr'> </span> 
     </span>
    </p>
   </div>
  </div>
 </body>
</html>
