2219 3048
940 131 967 168 81

87 245 149 294 (269,
164 249 183 286 3Ι
204 244 254 292 691,
270 245 323 295 18),
340 245 427 284 vdiuinum
441 252 503 284 autem
515 244 562 294 quid
577 245 609 292 sit,
627 256 665 281 non
678 243 701 282 61
713 244 785 296 origiue
798 247 869 281 tautum
878 244 966 295 judicari,

87 315 120 353 sed
130 314 230 352 honestatis
244 313 360 365 potissimum
371 317 443 353 ratione
457 314 537 362 censeri,
556 313 615 363 (484,
630 314 663 353 44.
678 315 726 361 486,
740 314 770 364 4.)
789 319 879 366 apparet,
894 315 966 364 opinor,

86 389 137 422 recte
154 396 199 421 vero
217 384 293 431 sentire,
316 384 331 421 si
348 386 389 434 quis
405 384 471 422 dixerit
494 381 525 423 τὸν
541 385 585 422 θεῖον
603 380 656 434 λόγον
685 395 724 419 161
740 388 812 420 tantum
828 383 932 421 iuratione
948 390 966 420 et

20 499 22 502 Α
87 455 173 491 oratione
184 450 250 501 cenni,¹
258 453 291 492 sed
304 467 345 491 esse
357 454 394 492 vim
406 454 495 501 divinam,
513 460 576 491 mente
589 454 629 491 sola
641 457 663 511 gt
677 452 748 489 ratione
762 451 966 503 comprehendendam,

87 536 148 573 neque
167 521 225 560 allel
239 527 305 560 natura
321 527 339 559 et
356 523 432 560 notione
451 522 597 574 sejungendam,
625 522 678 574 eujus
696 521 780 559 efficacia
797 533 855 570 quum
874 527 966 559 extremas

86 592 150 630 muudi
163 603 205 629 oras
218 591 317 640 pervadat,
327 596 374 631 ,1111
384 591 404 628 in
417 591 513 630 hominum
529 593 620 631 mentibus
636 592 741 641 animisque
757 590 853 640 inprimis
866 591 969 641 conspicua

87 662 119 698 sit:
141 666 212 698 utnon
230 661 299 697 mirum
313 660 407 707 videatur,
429 659 543 712 πολυώνυμον
561 674 602 698 eam
619 667 638 700 et
654 674 695 699 esse
708 665 727 697 61
741 659 809 698 haberi
826 659 966 710 splendidisque

87 729 225 780 splendidarum
241 730 328 766 virtutum
344 728 450 766 nominibus
466 728 561 767 celebrari.
589 731 638 767 Nam
654 733 786 780 praeterquam
804 730 857 779 quod
874 731 926 777 411,
947 731 966 768 9.

87 797 142 838 ὁτοῦ
156 795 213 837 ἀιδίου
227 795 310 850 liqna
323 800 376 845 332,
391 800 424 838 32.
445 799 469 844 2,
487 798 534 845 666,
550 800 572 838 4.,
585 796 594 837 ὁ
608 796 666 845 ἀίδιος
679 801 695 839 λ,
710 800 721 837 i.
735 812 751 839 6,
763 799 795 849 qui
806 811 846 836 non:
859 811 903 836 eum
916 797 966 835 indi-

86 868 142 905 viduo
155 867 213 917 pen't,
237 867 270 905 sed
286 867 307 904 in
321 865 419 904 hominum
433 866 524 904 mortibus
537 868 620 905 omnium
637 869 686 907 solus
699 874 793 919 superstes
807 873 841 916 est,
864 869 916 916 690,
934 869 966 907 12.

83 935 95 976 -ὁ
109 939 142 976 τοῦ
156 934 206 982 ὄντος
217 938 237 975 1.,
248 940 268 986 2,
285 938 332 985 186,
349 935 381 975 15.
401 932 527 989 111616116νή
542 936 658 986 appellatae,
677 936 734 975 habet
745 938 792 976 alias-
801 938 857 976 etiam
873 950 916 975 oum
931 950 966 975 no-

85 1006 165 1043 minibus
176 1006 255 1043 virtutes.
284 1004 369 1042 Vooatur
380 1005 429 1042 enim
907 1000 908 1003 ’

171 1075 193 1124 n]
208 1074 227 1122 5,
242 1077 275 1114 42.
290 1074 341 1122 452,
353 1062 388 1115 29.
408 1074 460 1114 ἰδέοο
472 1077 515 1115 τῶν
530 1075 603 1124 ἰδεῶν,
618 1075 644 1113 ad
655 1075 738 1114 16111611
751 1076 812 1129 ψυχῆς
822 1074 883 1128 ψυχή,
899 1073 966 1127 ὀφθαλ-

86 1147 120 1196 μοῦ
132 1141 223 1197 ὀφθαλμός
237 1137 281 1195 (15,
296 1141 343 1195 11),
358 1156 381 1181 eu
392 1144 482 1181 sententia
498 1144 580 1181 Platonis
594 1145 643 1196 Rep.
660 1145 692 1186 Vl.
710 1145 759 1186 508.
775 1143 800 1194 6.,
814 1144 858 1181 1666
873 1156 967 1194 perquam

84 1212 211 1259 memorabili,
226 1212 275 1249 unde
285 1216 348 1257 noster
360 1212 380 1249 ln
391 1212 403 1248 l.
416 1213 505 1261 profecit,
522 1214 632 1263 proposita,
653 1214 664 1253 i.
678 1227 693 1252 6.
708 1213 780 1264 speeies
795 1225 858 1250 rerum
874 1214 965 1250 universi-

84 1283 130 1319 tatis⁴
139 1282 213 1330 ultima,
238 1294 275 1331 qua
284 1293 324 1318 uua*
334 1293 402 1318 omnes>
412 1280 495 1330 reliquae
507 1293 570 1328 rerum
581 1266 652 1320 fonnae
664 1282 805 1320 concluduntur.
820 1283 866 1319 item
876 1285 901 1333 2,
916 1286 966 1328 333,

84 1354 118 1392 44.
139 1348 272 1402 ἀρχέτυπος
287 1350 339 1389 ἰδέα
353 1350 364 1386 i.
381 1362 396 1386 ez
409 1349 472 1399 imago
486 1350 573 1398 perfecta
588 1356 609 1388 et
623 1352 721 1401 excellens,
735 1356 799 1389 mente
816 1356 835 1388 et
850 1352 965 1402 cogitatione

84 1421 194 1466 informata,
219 1418 271 1469 eujus
290 1419 309 1454 i'n
324 1417 413 1472 'effigiem
430 1418 480 1455 Deus
497 1424 583 1466 creator,
604 1432 662 1468 quum
675 1420 878 1468 mundumeonderet,
900 1433 965 1458 rerum

84 1490 166 1527 omnium
179 1487 248 1525 formas
263 1487 340 1524 finiisse>
349 1486 421 1526 dieitur,
440 1486 464 1523 61.
476 1471 528 1536 296,
541 1489 574 1527 31.

169 1552 310 1605 11)28,39.ὁτ.
319 1552 449 1607 ἑβδομάδος
456 1551 515 1607 λόγος,
524 1556 609 1604 quoloco
616 1560 678 1595 tamen
685 1570 721 1608 per
724 1561 884 1608 prosopopoeiam
891 1557 963 1593 videtur

85 1629 130 1666 ratio
140 1624 318 1674 uumeriseptenarii
326 1623 458 1661 mathematica
465 1626 642 1675 personaespeeiem
647 1626 732 1664 induisse.
743 1627 776 1676 46,
785 1628 820 1666 28,
829 1623 964 1676 1111116βό6-

85 1695 149 1750 polin
160 1693 212 1745 ἀμος
219 1690 278 1744 λόγος.
292 1694 329 1742 41,
341 1694 365 1733 6.]
375 1690 442 1731 dunaal
454 1690 573 1743 ἑβδομάδα
581 1693 683 1747 κινούμενος
692 1696 760 1742 tneo,
767 1692 826 1746 λόγος.
842 1695 963 1746 septenarius

85 1766 228 1803 etum-numerus
238 1762 306 1799 iudicio
315 1766 343 1799 est
356 1763 389 1800 ani
402 1757 489 1811 ἀκινήτου
497 1762 530 1801 καὶ
539 1760 621 1810 ἀπαθοῦς
635 1767 681 1814 (24,
698 1764 739 1811 15.)
755 1764 885 1804 tantarum
892 1765 964 1802 diuina-

83 1847 134 1880 rum,
155 1844 203 1881 quae
215 1835 307 1880 perpetuo
322 1829 356 1867 sibi
368 1835 452 1867 constant
467 1830 583 1880 eaedemque
598 1838 671 1871 suntet
687 1834 794 1872 uniusmodi
811 1835 905 1884 ipsiusque
920 1834 963 1881 Dei,

83 1895 136 1953 cujus
148 1902 193 1938 fere
201 1898 286 1935 solemnis
301 1898 353 1949 apud
365 1900 563 1950 nostrumfappellatio
578 1906 606 1939 est
622 1899 636 1941 d
650 1901 721 1948 ἑστώς
739 1905 782 1952 (94,
797 1904 829 1942 47.
849 1904 898 1953 229,
913 1905 963 1952 44),

83 1971 167 2020 denique
172 1970 190 2008 ἐν
203 1964 309 2018 ἀσωμάτοις
318 1981 335 2006 ιι.
344 1971 415 2018 νοητοῖς
424 1969 544 2009 ἐπιδείκνυται
556 1972 600 2020 (26,
616 1971 666 2021 24),
681 1971 725 2022 quid
738 1971 840 2022 (1161123,
855 1975 890 2012 27.
913 1970 962 2025 ἀρχή

83 2036 185 2091 ἀσωμάτων
195 2033 243 2088 ὁμοῦ]
254 2050 273 2076 a.
286 2033 375 2088 σωμάτων
387 2036 421 2086 dn,
436 2041 459 2074 ut:
467 2034 496 2076 τά.
509 2039 548 2078 θεῖα
561 2054 579 2079 ιο.
592 2038 693 2092 ἑβδομάδος
708 2037 761 2092 φύσει
775 2041 835 2081 οἰκεῖοι
846 2047 898 2080 reete
907 2042 963 2093 juxta

82 2111 178 2156 ponantur.
192 2107 226 2153 46,
241 2104 275 2147 25.
291 2105 314 2143 61.
329 2107 364 2155 44,
378 2104 412 2146 25.
427 2108 461 2156 21,
477 2109 510 2147 34.

169 2175 189 2225 o]
204 2174 238 2225 35,
254 2176 287 2214 tt.
305 2189 323 2214 τ.
336 2172 516 2227 attaminatum,
530 2177 660 2230 ἐκμαγεῖον
675 2174 690 2228 ii
701 2174 874 2232 ἀπόστιοσμοιῆ
889 2177 962 2220 ἀποιό-

82 2256 166 2295 γοισμά
179 2245 191 2284 i.
204 2258 220 2284 e.
233 2256 320 2295 expressa
332 2242 415 2293 effigies,
430 2243 551 2281 beatissimae
559 2252 637 2285 naturae
648 2247 750 2298 partIeula,
769 2249 859 2300 splendor
873 2251 963 2294 relucens,

83 2311 134 2362 qnod
146 2311 198 2349 idem
211 2314 230 2352 h.
239 2314 251 2352 l.
261 2319 280 2351 et
292 2314 344 2360 209,
359 2313 378 2352 3,
394 2311 418 2348 do
427 2311 503 2361 homine
515 2315 639 2364 praedicatur.

98 2418 99 2421 ,
139 2418 141 2422 ⁴
168 2379 246 2430 d)47‚
264 2385 283 2422 9.
299 2383 393 2435 βιβλίον
407 2382 493 2433 γενέσεως
503 2380 612 2436 adponant„
622 2387 665 2437 (ἧς,
681 2380 696 2439 qi
711 2389 829 2439 συμβέβηκεν
838 2387 961 2442 ἐγγράφεσθαι

83 2465 101 2491 ν,
114 2445 259 2502 {quaomnia
276 2450 312 2498 τοὶς
326 2466 343 2492 τ.
355 2450 413 2493 ἀλλων
427 2448 533 2502 συστάσεις,
551 2453 612 2491 codex
623 2453 708 2493 idearum
721 2456 833 2506 divitiarum,
852 2462 960 2509 propterea,

83 2519 136 2570 quod
146 2517 196 2557 ideas
205 2530 270 2556 omnes
283 2531 346 2557 rerum
361 2521 441 2559 omnium
452 2520 542 2559 thesauris
553 2521 589 2559 suis
597 2522 677 2562 inclusas
687 2530 709 2563 et.
714 2525 818 2564 reconditas
830 2527 927 2565 contiueat.
