2219 3048
115 163 129 202 4

117 280 169 325 633,
184 278 211 316 48
225 276 274 314 item.
291 276 345 325 483,
361 276 395 315 44.
410 273 494 322 νιύλααας
506 275 540 315 καὶ
550 272 593 321 τούς
603 272 648 327 πρὸς
662 270 730 331 ἡδονὴν
746 271 814 325 οίργίας
825 271 859 312 καί
873 267 954 322 άμαέίας
966 270 1000 309 καὶ

116 345 197 401 θρύψεως
203 342 273 396 λάγους.
303 348 329 394 2,
345 347 399 395 671,
415 348 448 386 64,
462 347 498 385 τῶν
506 341 590 385 κολάκων
599 341 643 389 τούς
651 338 759 391 άπατηλούς
770 339 840 393 λόγους.
871 341 893 389 1,
908 341 962 389 422,
979 341 997 379 6.

117 414 161 462 τούς
171 414 257 466 ἀσεβείας
268 414 302 454 καὶ
315 413 491 467 άύεύτητοςλύγους.
523 417 546 462 2,
560 414 612 461 466,
627 413 661 452 20.
675 408 730 462 λύγου
744 409 814 456 παντὸς
827 408 953 462 δυνατωτέραν
970 429 999 438 ·-—

117 483 151 536 τὴν
161 486 194 524 δία
204 486 240 534 τῆς
251 481 311 537 ύῴεως
321 487 459 537 παρακέλευσιν.
474 486 497 532 2,
512 481 552 529 64,
569 482 600 519 12.
616 478 837 532 άνυσιμωτέραιςπαντὸς
847 478 901 531 λύγου
915 476 998 532 πράξεσι·

119 576 146 583 -—
161 553 211 591 Cum
222 555 313 605 oppositis
318 554 404 604 junctum
413 552 482 601 legitur
490 550 543 587 variis
552 550 621 587 modis:
637 550 660 599 a]
675 551 700 599 2,
716 550 754 598 84,
770 549 803 588 46.
814 546 846 588 διά.
856 546 913 601 λύγων
924 546 999 599 ἐπιπλή-

118 622 155 672 ξεις
162 635 207 674 opp.
217 620 306 674 κολάσεις.
322 620 342 670 b)
352 624 376 670 2,
392 619 426 670 95,
441 621 475 660 42.
485 617 493 658 ὁ
502 616 557 671 λύγος
566 616 600 659 ούν.
611 620 696 659 ἐπαίδευε
707 630 752 669 opp.
763 614 831 669 πληγίγ.
847 617 868 668 υ)
879 620 899 668 2,
915 617 963 666 461,
979 619 998 657 6.

119 694 137 733 ἐν
147 690 173 739 οἷς
181 690 231 744 λύγοι
240 688 319 743 γνώμαις
328 685 457 741 διαμάχονται.
478 688 502 739 d)
513 691 536 739 2,
552 690 586 737 87,
603 689 635 729 16.
650 686 682 728 διά
690 686 746 741 λύγων
757 685 822 739 ωρελει
831 698 876 737 ομμ.
886 684 998 740 ἀμύνασθαι,

119 764 194 814 βοηθεῖν.
208 760 227 809 ω]
236 762 261 807 2,
278 760 313 807 16,
330 759 363 798 18.
378 758 395 797 οἱ
411 758 525 811 φαυλότατοι
536 761 561 813 τῷ
572 748 620 813 λόγῳ
632 760 698 811 τιμῶσι
713 757 746 798 καὶ
758 753 880 809 θαυμάζουσιν
892 753 960 809 άρετήν
972 776 996 784 -·

117 835 194 884 χρῶνται
204 826 247 867 δ’-
254 828 270 867 σί
278 824 349 868 ἀστεῖοι
357 825 412 880 μόνοι.
422 828 451 879 f)
460 825 588 881 λύγος-ἔργον.
602 831 623 878 2,
640 828 690 878 162,
701 829 721 868 4.
735 828 784 876 420,
793 828 826 867 39.
841 824 900 878 λύγοις
911 823 998 865 ἀναδιδά-

119 912 166 940 σκειν
178 910 224 948 opp.
238 898 301 950 ἔργοις.
316 899 341 946 2,
357 900 412 947 266,
427 898 460 937 26.
476 896 592 949 άνουίετητοὶ
607 895 657 950 λύγοι
665 910 710 948 opp.
723 899 772 950 ἔργα.
790 897 840 945 146,
855 896 889 935 30.
903 893 951 948 λόγῳ
965 908 997 945 γω-

116 968 241 1021 ναῖκες-ἔργῳ
250 966 271 1004 δέ
281 962 352 1018 άρεταί.
367 967 421 1014 201,
437 968 469 1006 36.
486 967 502 1004 λ.
517 967 549 1017 μέν
566 967 650 1016 ἐκείνοις,
666 967 742 1021 ἔργῳδὲ
757 952 812 1020 αύτῷ.
831 966 886 1014 281,
902 963 934 1004 40.
949 961 997 1017 λύγῳ

117 1038 149 1090 μέν
158 1033 314 1089 ἀνθρωπόμορφον,
330 1037 375 1089 ἔργῳ
386 1035 406 1074 δὲ
415 1032 558 1088 άνύρωποπαίές.
573 1037 622 1085 381,
637 1038 671 1076 24.
686 1037 702 1075 λ.
714 1050 732 1087 μ.
744 1036 764 1075 αἱ
775 1033 843 1086 βάσεις,
855 1034 869 1073 ε’.
879 1034 899 1074 δὲ
909 1031 966 1073 dmi
976 1047 998 1072 τε

117 1107 150 1147 καί
160 1104 217 1160 ὄψεις.
228 1106 277 1153 446,
288 1105 320 1143 17.
327 1105 343 1142 λ.
349 1117 368 1155 μ.
379 1103 407 1143 ἐπὶ
417 1101 481 1157 ἔρεως,
488 1106 501 1143 ε’.
508 1102 638 1151 δέέπὶπαντύς
648 1102 722 1157 οἰλύγου,
731 1104 819 1155 501,11.
830 1105 862 1144 12.
872 1102 921 1153 636,
928 1105 947 1144 6.
955 1105 972 1143 λ.
977 1116 996 1154 μ.

116 1178 152 1226 τῆς
159 1174 276 1227 Σοδομίτιδος
285 1175 325 1223 γῆς,
341 1174 354 1211 ε’.
365 1174 382 1212 δ.
392 1175 427 1223 τῆς
437 1175 566 1227 ε’στειρωμένης
576 1173 602 1214 τά
610 1172 667 1214 ιιαλά.
682 1176 730 1225 699,
746 1178 765 1215 3.
779 1171 813 1213 ἔτ.
824 1173 923 1212 σπουδαίου
932 1172 970 1224 βίος
979 1172 997 1211 ἐν

117 1246 187 1297 ἔργοις,
202 1246 219 1283 ἔν
228 1238 335 1294 λύγοιςδὲὸ
347 1245 380 1281 τού
390 1239 468 1294 φαύλου,
492 1246 517 1292 2,
533 1246 556 1293 9,
570 1245 604 1284 21.
614 1245 631 1283 λ.
643 1258 662 1295 μ.
674 1242 755 1297 ἀνδρῶν,
771 1244 784 1282 ε’.
799 1246 816 1281 δ.
831 1239 905 1295 άρετῶν.
921 1245 946 1291 2,
963 1241 996 1290 15,

119 1315 151 1353 10.
161 1312 208 1367 λόγῳ
220 1327 238 1364 μ.
255 1333 280 1339 -
293 1308 314 1350 τὸ
324 1308 339 1349 δ’
350 1309 422 1362 ἀληθές.
441 1314 466 1361 2,
481 1311 519 1361 64,
535 1316 554 1353 8.
569 1315 585 1352 λ.
596 1329 615 1366 μ,
631 1336 656 1342 -
672 1311 706 1364 τήν
717 1313 738 1352 δέ
751 1314 768 1352 ἐν
779 1314 837 1366 ἔργοις
849 1311 914 1365 πρᾶξιν
928 1308 995 1359 (τάξιν

116 1382 140 1421 V.
150 1383 187 1433 L.)
202 1386 223 1431 2,
238 1382 286 1430 231,
302 1381 335 1420 26.
349 1377 362 1430 ἠ
372 1377 419 1434 λύγῳ
430 1378 492 1431 ἰσύτης
502 1378 536 1432 τήν
544 1380 566 1420 δι’
577 1384 632 1435 ἔργων
638 1379 741 1433 άνισύτητα
751 1380 839 1435 γεννήσει.
861 1384 881 1431 2,
896 1382 946 1428 233,
961 1380 995 1421 49.

116 1454 244 1503 συμπνέοντος
258 1447 345 1500 οίλλίγλοις
359 1450 376 1487 ἔν
391 1463 412 1487 τε
425 1450 469 1504 ἔργῳ
486 1450 519 1489 καὶ
534 1447 588 1507 λύγῳ.
617 1455 642 1503 2,
664 1453 718 1500 284,
734 1454 767 1492 39.
787 1453 804 1490 λ.
822 1466 840 1503 μ.
858 1471 882 1480 -
899 1450 917 1488 ἐν
926 1449 947 1488 δὲ
956 1452 995 1495 τοῖς

117 1521 182 1572 ἔργοις.
212 1522 237 1564 2,
253 1519 304 1567 439,
320 1520 338 1557 7.
353 1516 388 1569 τὴν
403 1520 419 1557 έν
434 1516 481 1574 λύγῳ
493 1521 582 1571 εὐγένειαν
598 1543 623 1549 -
639 1519 673 1572 τὴν
684 1518 705 1560 δι’
718 1522 779 1574 ἔργων.
809 1523 833 1570 2,
848 1519 901 1570 620,
917 1521 935 1560 6.
947 1516 995 1570 λύγῳ

117 1585 170 1641 μόνον
192 1609 217 1617 -
239 1589 298 1640 ἔργοις
319 1590 340 1627 δέ
365 1610 390 1616 -
415 1591 440 1638 2,
467 1591 520 1638 629,
546 1589 578 1628 12.
600 1586 647 1643 λύγῳ
665 1586 716 1640 μόνον
735 1601 780 1640 opp.
796 1590 870 1643 ψαῦσαι
884 1588 918 1629 καὶ
934 1588 994 1640 δίγειν.

116 1658 156 1707 96,
176 1660 196 1698 2,
215 1654 247 1696 διά
266 1653 339 1696 πάντων
356 1656 389 1696 καὶ
407 1654 464 1708 λύγων
479 1658 512 1696 καὶ
531 1659 592 1711 ἔργων.
627 1657 679 1706 114,
699 1656 733 1697 52.
751 1659 797 1712 ἔργῳ
811 1659 844 1699 καὶ
864 1656 912 1713 λύγῳ
933 1658 994 1704 ίλεως.

116 1728 171 1776 241,
185 1728 221 1766 26.
242 1728 300 1778 ἔργοις
315 1723 435 1771 άτύποιςααὶ
454 1723 514 1777 λόγοις
529 1724 639 1779 χρήσασίαι.
668 1728 693 1775 2,
708 1729 732 1776 2,
752 1727 786 1766 20.
807 1728 857 1767 item.
877 1731 902 1777 2,
918 1729 942 1777 6,
958 1728 992 1767 42.

115 1798 177 1849 καλῶν
190 1797 245 1849 ἔργων
258 1794 291 1834 καὶ
304 1792 362 1846 λύγων
375 1792 464 1845 άσνιητοιί.
497 1799 523 1844 2,
538 1794 578 1846 51,
595 1797 627 1835 16.
644 1792 717 1835 πάντων
732 1795 809 1835 έκλαθού
824 1798 860 1836 τῶν
877 1796 925 1836 ἰδίων
941 1794 994 1847 ἠθῶν,

116 1862 277 1917 ἐπιτηδευμάτων,
291 1861 358 1915 λύγων,
374 1867 435 1917 ἔργων.
460 1867 486 1913 2,
501 1858 540 1915 73,
556 1865 589 1905 50.
601 1862 622 1904 τὸ
637 1861 732 1918 σύμφωνον
744 1864 778 1905 καὶ
793 1862 933 1918 ὁμολογούμενον
948 1863 994 1919 πρὸς

119 1934 162 1985 ’ργα
181 1931 239 1985 λέγων
252 1930 344 1986 καὶπρὸς
358 1931 422 1983 λύγους
435 1935 496 1985 ἔργον.
525 1937 549 1984 2,
570 1935 608 1985 78,
622 1935 656 1974 40.
671 1934 760 1981 τοιούτοις
776 1928 868 1989 θαρσύνοις
883 1932 926 1982 τούς
940 1932 994 1974 άδελ-

118 2001 163 2053 ρούς
171 2000 236 2054 λέγοις,
247 2005 305 2056 ἔργοις
313 2017 329 2041 τ.
336 1999 534 2054 ύποσχέσειςέβεβαίου.
549 2006 569 2052 2,
575 2002 622 2052 105,
627 2006 647 2043 7.
656 2001 719 2044 πάντα
725 2025 749 2032 -
755 2005 801 2059 ἔργῳ
807 2005 840 2044 καὶ
849 2002 896 2060 λύγῳ
907 2018 994 2059 πραγμα-

117 2069 205 2111 τεύεσθαι.
222 2075 242 2122 2,
259 2073 306 2121 167,
322 2070 356 2123 25.
372 2068 497 2122 βουλευμάτων
508 2072 542 2111 καὶ
551 2069 609 2123 λύγων
619 2071 652 2111 καὶ
660 2070 742 2124 πράξεων
754 2074 779 2119 είς
789 2075 806 2112 ἔν
816 2071 863 2121 εἶδος
870 2071 993 2127 ἡρμοσμένων.

109 2140 139 2188 ’2,
155 2127 201 2188 178,
217 2142 248 2181 16.
264 2139 284 2180 ου’
296 2138 348 2192 μόνον
357 2138 408 2192 λύγοι
418 2137 468 2179 οἱλλά
477 2140 510 2179 καὶ
521 2142 567 2193 ἔργα
577 2138 665 2180 παιδεύει,
679 2144 700 2191 2,
715 2144 764 2192 242,
779 2142 811 2182 13.
826 2144 844 2182 ἐν
854 2139 925 2188 πάσαις
935 2141 993 2190 ίδέάις

116 2205 175 2260 λύγων
184 2208 217 2247 καί
226 2208 351 2262 βουλευμάτων
362 2210 396 2249 καὶ
409 2211 471 2262 ἔργων.
495 2212 521 2259 2,
536 2209 591 2260 262,
605 2211 639 2251 26.
654 2207 764 2265 ύπεραύχοις
774 2208 788 2263 ἦ
798 2208 859 2263 λόγοις
870 2208 956 2263 ἦέργοις.
971 2214 992 2263 2,

116 2279 170 2326 280,
186 2277 219 2316 37.
234 2275 311 2334 ἁρμονία
321 2277 366 2332 πρὸς
375 2281 421 2332 ἔργα
429 2274 488 2331 λύγων
501 2280 534 2320 οιαὶ
544 2279 589 2333 πρὸς
601 2278 667 2333 λύγους
682 2282 744 2334 ἔργων.
768 2283 793 2329 2,
808 2280 862 2329 346,
877 2279 911 2319 42.
925 2280 992 2334 ψεῦδος

117 2369 142 2376 -
156 2348 218 2400 ἔργοις
226 2346 259 2385 καὶ
267 2345 325 2400 λύγοις
336 2346 365 2388 αἐὶ
375 2346 480 2402 σύντροφον.
496 2353 516 2400 2,
531 2352 580 2400 384,
595 2352 628 2391 88.
642 2353 677 2401 τῆς
688 2352 706 2389 ἔν
718 2364 740 2388 τε
750 2346 810 2399 λύγοις
820 2344 878 2388 αύτού
889 2349 923 2389 καὶ
933 2350 992 2403 ἔργοις

115 2416 261 2471 καλοκοργαθίας.
282 2420 306 2466 2,
320 2420 372 2468 401,
390 2422 421 2460 19.
436 2417 571 2471 άπογυμνωίεὶς
579 2421 597 2458 ἔν
607 2421 666 2471 ἔργοις
674 2419 708 2457 κοιλ
717 2415 782 2469 λύγοις.
801 2419 827 2468 2,
842 2419 896 2470 421,
911 2421 945 2460 21,
961 2417 992 2460 οἷοι

114 2484 140 2525 τά
151 2484 280 2539 βουλεύματα,
294 2489 371 2526 τοιοῦτοι
381 2490 397 2528 τί
407 2486 458 2541 λύγοι
469 2488 502 2528 καὶ
512 2486 542 2528 οἷα
552 2487 578 2529 τά
590 2486 680 2540 λεγόμενα
689 2488 758 2526 τοιαίδε
769 2487 788 2527 αἱ
797 2485 877 2541 πράξεις.
891 2490 916 2528 ib.
927 2501 944 2527 v.
956 2490 990 2530 87.

114 2557 211 2609 πληρῶσαι
221 2553 265 2602 τούς
276 2550 340 2606 λόγους
352 2557 409 2608 ἔργοις
418 2559 521 2605 ἐπαινετοῖς.
537 2562 557 2609 2,
572 2560 621 2607 427,
637 2558 671 2598 27.
682 2571 699 2596 τ.
709 2554 767 2612 ἱερούς
777 2555 842 2611 νόμους
853 2554 946 2611 ἡγεμόνας
954 2560 990 2599 τῶν
