2219 3048
85 150 115 194 ,44

90 263 149 304 αὐτόν
159 264 177 301 ἐν
189 276 205 301 π
215 259 274 313 αἰγίοις
283 259 309 300 τά
320 259 454 315 μιμήματαζν.
467 262 499 304 15,
509 260 541 303 ὁδ’
557 258 666 315 όπεμάνω
680 259 770 301 τούτων
784 258 929 312 leonnato,
943 262 968 307 εἰς

89 330 158 385 όματὴν
169 329 203 371 οὐκ
218 326 270 383 ἦλθεν
284 332 347 382 ἰδέαν,
362 330 397 372 άτε
411 333 473 384 μηδενὶ
489 335 524 372 τῶν
537 330 578 371 κατ’
593 331 674 379 αἴσθησιν
689 328 801 382 ε’μμεμήςίίν
814 331 868 380 [opp.
884 331 903 378 2,
920 329 967 378 625,

91 403 133 452 11.)
145 399 184 440 ἀλλ’
192 398 265 448 αὐτὸς
276 401 345 442 alnoo
359 400 466 455 ὑπάρχων
477 402 623 449 Θεοότνοητῶν
634 394 968 452 ἁπαξαπάντωνὸπρεσβύτατος,

91 469 100 511 ὁ
111 466 248 522 ἐγγυτάτω,
263 468 398 523 μηδενόςόντος
407 466 653 522 perpetuandam.
662 464 762 519 μ’όνου,ό
774 469 839 507 ἐστιν
853 467 968 521 ἀψευδώς,

90 538 263 593 άμιδμυμένος.
283 553 300 577 v.
319 542 352 579 22.
372 534 413 576 ὥσθ’
429 534 524 588 ἡνίοχον
544 551 563 588 μ.
581 534 627 576 εἶναι
644 550 661 575 τ.
679 533 802 588 δυνάμεων
821 551 838 576 τ.
853 536 916 589 λόγον,
937 539 968 577 ἔπ-

90 624 130 661 οχον
145 610 167 649 δὲ
184 608 216 650 τόν
241 610 343 655 λαλοῦντα,
367 603 513 658 ἐπικελευόμενον
533 609 559 661 τῷ
580 603 646 660 ἡνιόχῳ
663 603 689 645 τά
710 603 756 658 πρὸς
773 603 826 658 &pelo
845 609 877 647 τιν’
900 605 969 653 παντὸς

84 677 190 733 ,ἡνιόχησιν
205 693 221 716 ν.
232 681 264 718 32.
277 678 325 728 τρεῖς
333 688 351 726 μ.
366 675 401 713 εἰσι
415 674 519 729 (δυνάμεις)
534 678 603 730 πέραν,
624 677 646 717 αἳ
659 671 752 727 μακράν
771 672 834 727 ἡμῶν
852 692 869 717 τ.
882 678 969 728 γένους

91 748 213 803 οἱφιστᾶσι
224 758 261 773 -·
277 742 286 783 ὁ
298 748 332 784 τοῦ
340 742 429 797 ἡγεμόνος
439 742 493 798 λόγος
500 742 540 796 μὴ
550 742 638 796 ποιητικὴ
648 758 665 784 n.
674 742 760 795 βασιλικὴ
768 742 844 797 δύναμις
852 742 918 785 aitiori·
927 743 969 784 τοό-

92 833 127 859 των
137 831 153 868 γ.
172 815 187 865 ό,
202 829 223 853 τε
233 811 310 867 ου’μανός
323 829 341 854 κ.
353 812 429 867 σύμπας
439 811 526 866 όκόσμος
535 817 579 855 ἐστί.
594 815 646 864 656,
660 817 694 854 42,
709 815 743 853 44.
758 811 766 853 ό
779 810 872 866 ἡγεμών
887 817 968 855 πασῶν

92 903 107 927 τ.
118 883 240 937 δυνάμεων
255 896 301 935 opp.
318 884 365 933 173,
373 885 407 924 23.
421 879 513 935 όήγεμων
523 881 581 932 αὐτὸς
590 882 607 931 (‘
618 882 664 934 θεὸς)
673 880 759 923 ἁπάντων
766 896 784 922 κ.
795 881 912 935 σωμάτωνα,
919 881 969 923 oino-

91 953 157 1008 μάτων.
172 951 200 997 διὸ
209 967 227 992 n.
239 954 259 993 αί
269 950 356 1005 δυνάμεις
364 950 444 994 κανόνων
453 966 472 991 ιι.
481 952 642 1006 παμαγγτλμάτων
653 955 746 1004 λαβοῦσαι
759 948 813 1003 λόγον
823 950 849 992 τοὶ
861 952 908 1006 μετὰ
922 951 968 992 aad·

90 1038 125 1070 τας
135 1019 280 1074 όσταθμήσαντσ.
296 1024 330 1072 82,
345 1018 399 1072 166
411 1018 514 1074 άκμότομος
523 1024 598 1076 πέτρα
612 1024 676 1074 [Dent.
689 1021 757 1073 615.)
771 1018 784 1072 ἠ
796 1020 870 1074 σοφία
883 1038 900 1062 τ.
915 1024 968 1062 Θεοῦ

90 1095 148 1144 ἐστιν,
162 1091 186 1144 ἣν
199 1090 259 1145 άιιμαν
275 1106 293 1131 κ,
303 1091 407 1144 πμωτίστην
421 1092 484 1143 ἔτεμεν
498 1088 535 1131 οἱπό
549 1107 566 1131 τ.
578 1093 645 1132 ἑαυτοῦ
661 1090 793 1144 δυνάμεων,
809 1090 829 1138 ἐξ
837 1086 861 1143 ἧς
871 1094 939 1141 ποτίζει
951 1107 968 1130 τ.

90 1156 182 1216 μιλοθέους
191 1159 262 1215 ψυχάς,
276 1162 389 1200 ποτισθείσαι
397 1160 419 1200 δὲ
429 1174 447 1200 κ.
456 1162 489 1200 τοῦ
498 1158 560 1212 μάννα
571 1160 708 1212 ἐμπίμπλανται
719 1163 753 1201 τοῦ
764 1158 893 1213 γενικωτάτου.
908 1164 969 1201 καλεί-

90 1247 122 1272 ται
132 1248 149 1285 γ,
160 1230 181 1272 τὸ
192 1228 253 1283 μοίννα
260 1230 290 1277 τίς
305 1226 396 1270 όπάντων
408 1229 447 1269 ἐστὶ
455 1232 512 1282 γένος.
528 1227 550 1269 τό
561 1227 709 1281 δὲγεινιαότατόν
719 1227 787 1270 roeo&
800 1229 839 1277 Θεὸς
851 1244 869 1270 κ.
886 1228 969 1282 δεύτερος

91 1299 101 1354 ὁ
111 1303 164 1341 θεοῦ
178 1298 253 1352 λόγος.
275 1299 374 1349 Ceterum,
384 1311 432 1349 quae
442 1299 480 1337 hoc
490 1300 533 1337 loco
545 1298 682 1351 distinguimtur
696 1304 715 1337 et
724 1304 811 1351 tanquam
819 1302 867 1338 inter
876 1312 896 1337 se
906 1299 968 1337 diver-

91 1383 112 1409 sa
128 1375 276 1420 componuntur,
290 1369 338 1407 infra
353 1371 407 1419 216,
422 1372 456 1410 29,
472 1383 500 1419 sq.
515 1370 569 1419 214,
589 1371 607 1408 1,
620 1381 648 1418 sq.
664 1368 688 1406 ad
702 1370 803 1407 Deuteron.
819 1372 859 1419 62,
877 1371 908 1410 13.
924 1383 968 1419 syn·

91 1452 162 1489 onyma
174 1444 222 1486 sunt,
235 1438 339 1488 iisdemque
344 1439 385 1477 fere
391 1444 471 1489 utraque
481 1440 564 1490 gaudent
571 1438 689 1489 praedicatis,
698 1435 775 1491 ἡσσμία
786 1440 856 1477 seilicet
863 1451 900 1475 non
909 1439 969 1476 solum
988 1432 989 1435 ¹
1011 1424 1012 1428 Ἰ

92 1509 120 1546 dr.
133 1508 221 1556 ποτίζειν,
237 1506 271 1544 sed
281 1508 336 1544 etiam
343 1509 381 1545 mel
389 1509 488 1558 oleumque
496 1508 600 1559 porrigere,
614 1504 623 1546 ό
632 1505 686 1558 λόγος
694 1513 756 1545 autem
764 1520 832 1546 manna
840 1507 906 1546 dicitur
913 1495 973 1546 item—-

92 1590 129 1626 que
138 1589 182 1613 cnm
191 1576 234 1612 oleo
248 1576 286 1613 mel
297 1577 396 1626 praebere.
413 1579 464 1625 144,
479 1579 498 1617 3.
512 1575 564 1616 κατὰ
577 1592 594 1615 τ.
613 1578 645 1616 ἕνα
656 1576 711 1624 όντως
725 1575 771 1617 ’όντα
781 1575 814 1617 δυό
827 1575 863 1626 τοὶς
879 1575 969 1618 ἀνωτάτω

91 1645 137 1686 εἶναι
147 1659 165 1685 κ.
174 1643 251 1699 πρώτας
261 1642 358 1697 δυνάμεις,
374 1644 483 1697 σίγαόότητα
493 1659 510 1684 κ.
521 1644 604 1691 ἐξουσίαν
612 1667 641 1673 -
648 1647 708 1698 τρίτον
717 1647 738 1685 δὲ
749 1646 888 1699 συναγωγὸν
901 1646 969 1700 ἀμφοῖν

91 1719 160 1769 μέσον
176 1712 222 1754 εἶναι
233 1711 297 1766 λόγον’
317 1714 363 1764 (vid.
376 1715 424 1752 Plat.
437 1714 485 1751 Tim·
502 1716 543 1763 61,
558 1728 574 1753 e.
592 1717 631 1764 62,
645 1715 673 1764 a.)
692 1711 740 1768 λόγῳ
753 1713 790 1767 γάμ
804 1714 929 1769 ναίάμχοντα
937 1716 970 1755 καὶ

91 1783 160 1836 ἀγαθὸν
170 1781 241 1823 εἶναιτ.
251 1782 299 1833 θεόν,
312 1784 333 1821 id
347 1783 398 1833 quod
412 1784 456 1821 alias
472 1783 535 1821 dicere
550 1784 597 1821 solet
608 1781 670 1836 κόριον
684 1797 702 1822 κ.
714 1781 757 1822 θεόν,
773 1785 822 1833 644,
838 1786 871 1824 39.
887 1783 935 1833 646,
950 1787 969 1825 9.

92 1853 215 1903 quamobrem
228 1850 301 1905 όλόγος
314 1852 368 1902 285,
383 1856 402 1893 6.
418 1854 446 1891 dr.
462 1850 484 1892 τό
497 1850 589 1904 ἀνειμένον
601 1867 618 1892 κ.
632 1850 758 1904 μεσότητα
771 1854 810 1904 ἔχον
825 1856 861 1892 τόν
876 1852 969 1905 δυνάμεων

94 1920 150 1962 otoo
158 1924 224 1975 αμάμα
234 1926 253 1959 et
267 1923 321 1971 631,
342 1923 374 1961 11.
389 1919 398 1961 ό
408 1925 463 1973 μέσος
468 1919 522 1973 λόγος
531 1924 582 1972 θεῖος,
591 1935 627 1972 pro
638 1934 675 1971 quo
686 1922 706 1958 in
715 1922 761 1959 loeis
768 1922 862 1973 parallelis
875 1923 921 1973 173,
938 1925 969 1962 17.

95 1993 115 2038 2,
130 1994 162 2041 18,
177 1993 211 2032 33.
226 1993 259 2031 43.
274 1991 326 2029 Deus
339 1990 381 2040 ipse
393 1990 421 2027 dr.
430 1987 456 2036 εἷς
466 1989 489 2029 do
505 1988 585 2043 ὁμέσος.
600 1992 689 2029 ‘Arnren
703 2005 722 2041 p.
735 1990 784 2032 514.
798 1992 891 2042 Loquitur
905 1992 969 2042 (Divi-

95 2059 149 2109 nitas)
162 2061 214 2109 quasi
228 2060 323 2098 demedio
333 2059 530 2111 oreativao1virtutisj.
559 2060 604 2098 Hoc
613 2065 675 2098 autom
687 2060 796 2111 hujusmodi
809 2061 906 2113 quidpiam
919 2061 969 2097 arbi-

94 2133 153 2164 naon
162 2141 220 2166 mens.
248 2129 284 2166 Dei
295 2130 374 2166 verbum
385 2141 415 2178 eo,
425 2130 477 2178 quod
485 2130 505 2166 in
513 2128 577 2166 medio
588 2134 616 2166 est
628 2130 754 2177 conueniente,
769 2130 815 2168 nhil
825 2130 926 2168 omninoin
935 2142 969 2167 na-

94 2203 137 2235 tura
145 2196 228 2246 relinquit
235 2211 325 2245 vacuum,
340 2198 401 2235 omnio
410 2198 489 2248 implens
500 2202 555 2249 atque
564 2199 586 2235 fio
594 2198 687 2236 nrodiator
696 2200 810 2249 arbiterquo,
819 2200 915 2247 utriusque
921 2211 969 2249 par-

93 2266 260 2316 tis,oseim'ioom,
274 2272 295 2305 ut
302 2273 384 2318 putatur,
398 2267 506 2317 disjunctae,
521 2280 586 2305 amore
601 2273 620 2305 et
631 2269 732 2306 eoncordia
747 2269 814 2306 facta:
830 2278 905 2318 semper
920 2270 970 2307 enim

93 2335 229 2376 connnrmionis
239 2341 265 2372 est
274 2350 328 2374 causo
338 2342 356 2374 et
364 2337 469 2387 pacificum.
487 2359 512 2365 -
528 2337 601 2374 Primus
613 2341 642 2375 est
652 2338 691 2374 Ens
700 2339 741 2383 ille,
757 2335 789 2386 qui
798 2335 859 2387 major
868 2336 930 2390 [natu]
940 2344 969 2377 est

93 2407 149 2444 etiam
157 2417 195 2443 uno
204 2404 235 2441 vel
242 2405 296 2441 unioo
304 2412 323 2443 et
330 2406 429 2457 principio.
457 2406 531 2444 Deinde
538 2406 592 2443 Entis
601 2406 699 2453 Verbum,
713 2405 820 2443 seminativa
831 2405 909 2446 Entium
923 2422 968 2446 vere

94 2476 177 2513 essentia.
206 2473 237 2510 Ex
245 2471 295 2509 Ente
301 2486 345 2512 vero
353 2476 416 2514 Verbo
424 2481 514 2525 tanquam
524 2488 546 2513 ex
555 2476 608 2514 fonte
617 2474 712 2524 disruptae
721 2475 820 2512 scaturiunt
830 2477 896 2515 ambae
910 2477 968 2514 virtu-

94 2551 127 2582 tes.
156 2544 200 2582 Una
213 2549 241 2580 est
253 2541 345 2588 oreativa,
364 2546 465 2583 secundum
481 2545 533 2594 quod
544 2544 607 2596 posuit
624 2541 702 2591 (creavit
714 2544 761 2597 scil.)
781 2547 842 2584 omnia
859 2552 877 2584 ot
897 2547 968 2584 ornavit
