2219 3048
956 165 969 202 ’1

83 282 219 333 terpretatiorris
225 279 297 328 arg-uus
306 277 435 315 subtilitatibus
445 281 464 313 et
470 275 544 325 ineptiis
555 274 625 324 startia,
641 280 671 323 ut,
686 276 717 323 qui
726 276 809 314 Philonis
819 277 895 316 landem
903 280 923 317 in
931 278 969 316 hoe

83 366 152 405 genere
167 347 272 396 aemulandi
282 359 338 384 eausa
346 348 415 398 scripta
423 346 463 397 ejus
472 343 592 395 aggrediatur
599 343 675 394 legere,
689 356 744 381 nemo
756 353 805 384 certe
816 348 929 399 reperiatur,
949 349 969 385 id

83 435 127 459 roro
147 418 192 458 recti
211 429 274 454 sensus
290 417 367 466 sanique
378 416 446 467 judicii
461 414 594 452 documentum
611 413 782 457 estcertissimunu
809 415 843 453 sed
866 423 967 468 postquam

83 492 132 529 erilii
140 483 226 537 ternpore
235 485 351 524 Judaeorrnn
360 491 431 524 mentes
440 484 533 533 animique
545 482 603 521 semel
613 483 640 520 ita
651 483 751 533 degustare
765 485 868 532 caepissent
880 487 966 537 philoso*

81 560 155 611 phium,
171 555 324 593 ueutosaicarrrrrr
332 555 514 607 legum-auctoritas,
531 558 600 591 eorunr'
607 554 657 590 certe
665 552 749 614 ι11111111,
765 553 797 601 qui
806 554 894 603 politioris
904 563 965 595 esseut

81 628 160 680 ingenii,
175 625 265 675 paulatim
273 632 414 663 consenesceret
419 654 428 673 „
438 623 538 662 inevitabili
546 623 627 673 quadarn
638 623 752 660 necessitatis
762 622 807 673 lege
817 635 840 660 eo
847 635 876 661 res
885 625 966 664 deducta

81 704 129 748 erat,
148 701 169 732 ut
181 694 277 732 Menalcae
290 695 353 745 leges,
373 694 463 741 instituta,
482 692 636 742 ceremoniaeqne
649 706 713 730 sacrae
725 692 804 743 publice
818 698 916 744 receptae,
935 702 966 732 aut

80 763 203 816 abnegandae
211 777 287 814 prorsus
295 768 356 801 esseut
367 769 386 800 et
393 762 508 811 abolendae,
523 766 555 798 aut
569 762 670 811 allegoriae
683 775 730 813 ope,
746 762 811 799 demto
819 764 914 801 vetustatis
925 765 966 810 situ,

79 833 219 883 instaurandae,
244 832 382 871 confirmandae
399 837 418 869 et
432 831 457 868 ad
467 832 563 882 pristinam
576 842 619 866 cnm
633 830 692 867 nitore
711 831 820 882 digrritatem
834 833 965 871 restituendae

48 899 50 905 ¹
80 903 138 952 Quod
147 903 162 940 si
168 904 271 954 cogitamus
281 901 402 954 philosophia
407 901 493 950 Judaica,
503 913 545 938 cnm
553 900 608 937 sacris
617 898 681 949 patriis
692 902 784 951 copulata,
794 915 831 939 non
839 903 900 940 solum
909 916 966 954 egre-

78 976 109 1026 gie
118 978 194 1010 cautum
203 986 252 1023 esse,
271 970 392 1024 philosophia
400 984 424 1009 ne
433 972 457 1008 ab
466 971 541 1020 antique
549 969 624 1019 pietatis
633 981 688 1006 seusu
696 968 813 1017 deflecteret,
831 972 889 1021 pietas
902 978 965 1010 auteur

77 1042 183 1082 ne'ratiurre
196 1055 248 1079 cassa
259 1054 326 1079 caecae
336 1041 434 1092 cujusdam
449 1040 582 1092 superstitionis
595 1039 660 1078 crassis
676 1038 758 1076 tenebris
770 1039 906 1089 offunderetur,
929 1043 964 1080 sed

78 1114 133 1151 etiam
140 1111 186 1149 illud
192 1111 287 1162 effectum,
295 1116 316 1148 nt
323 1111 404 1149 nutritae
411 1111 448 1149 hoc
456 1110 520 1160 modo,
528 1109 656 1158 excitataeqne
666 1108 690 1145 ad
698 1108 770 1146 uirtutis
778 1110 918 1159 sapientiaeque
924 1117 963 1148 stu-

77 1183 129 1221 dium
141 1170 212 1218 mentes
226 1181 338 1230 promtiores
352 1182 416 1230 utiquc
430 1185 449 1217 et
459 1179 561 1229 paratiores
574 1179 599 1216 ad
613 1178 750 1229 suscipiendam
761 1180 852 1229 evangelii
865 1181 964 1218 salinarem

77 1251 182 1289 doctrinam
192 1248 310 1298 accederent,
320 1249 369 1287 haec
377 1255 395 1287 et
403 1249 452 1297 tolia,
467 1248 549 1296 iuquam,
559 1252 664 1298 reputantes
676 1248 763 1285 nimirum
770 1249 795 1286 ab
807 1250 907 1300 allegoriae
917 1263 972 1287 1111-Ἰ

75 1327 135 1360 temtn
142 1318 256 1368 ridendique
262 1318 336 1356 levitate
346 1324 364 1356 et
368 1317 467 1370 judicandi
474 1317 577 1354 temeritate
587 1317 643 1355 facile
653 1330 686 1354 nos
695 1318 836 1373 corrtineblurrrs,
851 1332 911 1368 rreqrre
920 1333 962 1357 earn

77 1389 205 1439 casualiquo,
223 1386 257 1425 sed
268 1387 328 1425 divina
335 1389 445 1426 moderante
453 1386 572 1437 providentia
584 1387 632 1438 ipsis·
640 1386 674 1424 illis
684 1388 799 1437 temporibus
816 1388 895 1426 extitisse
907 1388 961 1439 judi-¹

76 1460 163 1497 eabimus.
193 1455 225 1494 Ad
235 1456 338 1495 abstrusam
347 1458 427 1507 denique
439 1469 461 1504 ae
468 1467 529 1506 paene
541 1457 640 1505 mysticam
648 1462 805 1507 argumentorum
819 1458 960 1508 disputationem

74 1525 127 1576 quod
136 1524 216 1573 adtinet,
237 1529 266 1562 est
275 1538 319 1564 sane
330 1528 362 1565 illa
373 1527 447 1565 Philoni
454 1537 547 1575 perquam
556 1525 651 1563 familiaris
665 1527 763 1576 potuitque
773 1527 854 1564 virorum
863 1527 960 1564 doctorum

73 1596 175 1647 plerosque
186 1606 197 1629 a
205 1593 282 1644 legendi
290 1596 366 1633 consilio
375 1597 490 1640 absterrere3
505 1594 589 1632 sedeam
597 1594 659 1645 ipsam
671 1608 714 1633 curn
727 1596 848 1647 ambiguitate
857 1596 958 1633 difficulto«

72 1671 120 1714 tem,
139 1662 197 1700 modo
209 1663 277 1712 apertis
291 1662 373 1699 Philonis
386 1663 470 1701 fontibus
486 1668 639 1715 argumentorum
654 1665 792 1714 uerborumque
806 1665 959 1715 significationem

72 1733 126 1772 simul
134 1732 206 1782 aperite
217 1732 325 1782 contigerit,
340 1732 506 1781 miruru'quautum
514 1733 595 1770 levatum
605 1732 626 1769 iri
637 1737 655 1769 et
662 1733 779 1783 expeditum,
795 1734 896 1770 certissime
911 1746 958 1771 cou-

71 1803 121 1849 fido,
140 1801 175 1839 nisi
188 1800 247 1850 forte,
267 1801 319 1850 quod
332 1802 363 1838 vix
380 1801 500 1850 crediderim,
519 1805 610 1838 nostrates
623 1806 673 1839 certe
684 1802 767 1839 Philonis
781 1804 865 1840 manibus
877 1815 959 1841 suecen-

72 1877 135 1920 aeaut,
150 1870 182 1920 qui
192 1869 296 1907 Germanos
310 1874 393 1917 ueteres,
412 1869 492 1920 majores
501 1873 583 1919 nostros,
600 1882 643 1907 cum
652 1871 714 1909 Xerxe
727 1885 840 1922 componens
849 1879 959 1923 propterea,

71 1940 122 1990 quod
139 1940 180 1976 illos
195 1939 246 1975 fama
259 1939 322 1985 ferret,
342 1938 407 1975 strictis
422 1936 495 1976 ensibus
515 1940 628 1990 praecipites
646 1941 665 1977 irr
680 1941 736 1978 maris
752 1941 827 1991 ssrrcars,
847 1943 921 1991 quoties
936 1956 959 1981 ex

71 2010 108 2047 alto
117 2012 179 2044 aestus
189 2006 319 2054 seiucitasset,
334 2006 425 2057 irrrpeturrr
438 2008 513 2059 facere,
528 2009 634 2047 innumero
646 2011 751 2062 principum
763 2011 846 2048 vanitatis
857 2012 958 2050 fatuitatis-

70 2071 248 2129 qnereposuerit.9j
828 2067 830 2070 ’

124 2156 126 2160 ’
153 2146 217 2194 ltaque
227 2156 297 2195 operae
306 2145 389 2195 pretium
396 2157 427 2182 me
436 2144 530 2184 lactruurn
541 2160 581 2185 esse
589 2150 664 2199 putari,
682 2149 706 2198 si⁷
721 2153 824 2198 antequam
834 2163 902 2189 noram
910 2152 957 2189 Plri-

68 2217 117 2268 lonis
130 2215 240 2262 editionem,
256 2226 313 2262 quarn
322 2214 396 2262 molior,
413 2215 532 2266 perfecerim,
547 2218 599 2267 quod
608 2220 716 2271 scriptorum
724 2224 811 2257 ueterum
823 2220 903 2259 editores
914 2223 955 2272 ple-

68 2287 122 2335 rique
130 2284 250 2335 praeiverunt
259 2280 408 2333 exemplum,1⁰)
427 2283 478 2320 idem
490 2298 527 2336 ego
539 2287 558 2324 in
566 2287 644 2326 Philone
656 2292 757 2338 sequutus,
787 2303 835 2328 nune
847 2304 903 2341 quarn
914 2303 953 2327 ruu-

68 2400 183 2410 ...ρα-

115 2469 188 2514 ο11114,
201 2472 229 2506 39.
242 2469 334 2517 1011676,
347 2472 375 2506 13.

113 2531 137 2575 ¹⁰)
151 2526 293 2570 Wt'ilfflbasslllui
301 2538 320 2559 ¹11
328 2538 353 2571 ⁰1³·
361 2527 382 2559 acl
388 2538 420 2560 Van
429 2525 499 2570 Hffllsde,
510 2528 562 2574 hujus
571 2530 659 2575 speeimirri
668 2534 727 2568 orr'tr'co
736 2535 754 2567 in
763 2536 845 2568 Platonem
856 2533 953 2576 praemissa,

136 2583 221 2632 pugilli,
229 2582 347 2626 siaefcntiurn,
357 2584 419 2629 inquit,
429 2583 523 2627 cognitione
532 2588 585 2620 omnis
593 2588 716 2634 interpretandi
723 2593 770 2626 labor
777 2602 827 2625 vanus
837 2590 914 2624 etinaur's
924 2597 954 2623 est·
