2219 3048
926 164 953 203 ³3

71 286 186 334 ,voeatosvab
204 281 258 319 exitio
279 280 374 330 adipsius
391 279 517 331 cognitionem
533 276 634 315 adducere.
663 277 784 329 Philosophia
799 279 848 317 enim
866 284 894 318 est
912 285 953 320 stu-

71 356 122 397 dium
133 347 285 404 sapientiae,1³⁶)
308 350 414 399 quaedum
430 359 517 385 arcanam
530 351 549 383 et
562 359 573 382 a
585 346 638 396 vulgi
650 346 769 396 intelligentia
782 362 875 399 sensuque
886 364 952 389 remo-

70 430 108 463 tarn
121 424 168 473 legis
181 420 218 457 vim
231 431 253 455 ac
266 420 375 457 sententiam
386 419 456 469 aperit,
471 416 587 468 praeparatis
600 415 624 451 ab
639 415 763 463 encycliarum
774 418 869 457 literarum
880 425 950 458 tracta-

70 495 119 531 tione
130 485 248 538 airinris,1³7]
272 501 320 539 quae
338 489 363 526 ad
374 490 437 527 Deum
454 488 514 535 ducit,
533 487 583 523 uiam
596 489 735 523 commonstrat
763 485 789 521 Et
798 490 858 536 prima
871 490 949 539 quidem

70 562 93 598 ad
105 561 141 599 Dei
154 558 278 608 cognitionem
291 560 398 609 progressio
417 564 445 596 est
463 556 587 595 consideratio
601 554 774 605 contemplatioque
787 560 871 606 naturae,
893 573 948 610 quae,

70 630 114 668 dum
127 628 184 666 fidem
197 627 250 676 facit,
264 626 314 664 hanc
326 627 454 665 admirabilem
469 627 527 675 coeli,
542 624 609 674 terrae,
624 625 720 674 marisque
733 624 879 675 pulcritudinem
891 630 948 667 ratio-

69 710 148 747 nemque
161 696 250 747 optimam
259 709 297 733 non
307 709 363 746 posse
375 709 415 734 esse
428 709 472 733 casu
483 695 559 732 fortuito
570 700 603 732 aut
613 694 713 732 temerario
725 693 810 744 quodam
819 694 891 745 impetu
904 711 948 736 oon-

68 768 141 813 flatam,
156 765 190 803 sed
198 766 255 803 menti
267 778 309 803 eam
321 779 344 802 ac
357 765 423 803 rationi
436 761 556 813 deberi‚1³⁸]
570 764 645 801 insitum
656 764 709 801 nobis
721 769 739 801 et
745 764 949 816 innatumDeiquae-

67 836 120 874 rendi
134 834 214 872 studitun
227 836 252 872 ita
264 835 376 883 inflammat,
401 838 422 871 ut
436 846 480 870 uera
494 831 616 884 philosophia
628 833 676 870 duee
691 838 710 870 et
722 834 798 884 auspice
814 834 852 872 Dei
871 837 950 887 vestigia

67 918 105 942 uon
115 904 224 943 desistamus
239 903 336 955 persequi,
355 902 416 941 donec
427 902 503 940 tandem
518 913 581 938 rerum
593 903 676 940 omnium
691 902 806 939 conditorem
816 902 948 943 invenerimus

66 973 131 1010 Altera
143 973 269 1024 cognoscendi
279 973 343 1010 Deum
354 973 401 1009 ratio
415 977 452 1022 est,
473 983 510 1021 qua
523 982 546 1007 ex
560 977 663 1010 nostramet
676 971 760 1022 ipsorum
772 976 834 1009 mente
848 972 948 1023 conjectu*

66 1054 106 1078 ram
119 1042 196 1080 facimus
209 1043 274 1080 mentis
292 1041 385 1090 animique
398 1041 448 1092 ejus,
472 1053 521 1090 quae
533 1052 596 1078 rerum
609 1040 732 1079 universitatis
746 1039 906 1090 providerentur
919 1048 947 1080 est

67 1116 85 1147 et
96 1111 220 1161 gubernatrix⁴
232 1110 270 1162 139)
299 1111 365 1149 Tertia
381 1111 430 1148 hanc
448 1110 526 1160 excipit,
552 1122 590 1159 qua
608 1123 631 1148 eu
644 1114 719 1161 septem
732 1108 768 1146 Dei
786 1108 881 1148 uirtutibus
894 1111 946 1149 Deus

72 1218 185 1225 ψ’,-

113 1278 145 1323 ¹³⁶)
162 1280 204 1322 530,
222 1279 250 1316 34.
268 1279 301 1313 ἔστι
312 1279 406 1322 φιλοσοφία
418 1275 524 1322 ἐπιτήδευσις
537 1269 604 1321 σοφίας,
621 1289 638 1313 ν.
648 1281 677 1315 57.
694 1275 771 1323 ίίςπεριί
779 1275 946 1324 ε’γνυάλιοςμουσιαηΙ

135 1336 249 1380 φιλοσοφίας,
274 1332 318 1369 odra>
339 1334 368 1369 ναί
388 1335 482 1379 φιλοσοφία
502 1330 556 1378 δούλη
577 1334 643 1378 σοφίας.
667 1335 760 1378 φιλοσοφία
776 1333 795 1368 δὲ
811 1332 906 1381 ἐγκράτειαν
921 1356 946 1361 -

135 1389 248 1427 α’ναδιδοίσαει
256 1387 317 1425 Ιταῦτα
328 1405 344 1436 μΔ
352 1391 416 1437 λέγεται
427 1389 470 1426 εἶναι
480 1388 501 1426 δι’
509 1389 552 1426 oderi
565 1389 632 1437 αἴρεταί,
645 1387 735 1436 σεμνότερα
746 1389 764 1425 δὲ
772 1389 865 1435 φαίνοιτο,
875 1393 890 1427 εί
900 1396 945 1427 θεοῦ

134 1451 184 1493 τιμῆς
193 1462 208 1483 τι.
217 1445 304 1494 τῖρεσιιείας
312 1447 360 1482 ἕνεκα
369 1445 489 1493 ἐπιτηδεύοιτο.
511 1450 555 1489 521),
570 1448 598 1484 44.
617 1447 656 1494 περὶ
666 1448 745 1493 μεγίστην
754 1445 797 1491 λίλην
806 1449 918 1495 ααταγίνεται,
929 1463 943 1483 τ.

135 1502 225 1550 σύμπαντα
234 1501 332 1550 α’νθροίπων
341 1505 384 1552 βίον.

110 1559 239 1604 137)5211,46.
256 1560 362 1606 προοίμια
374 1560 398 1606 (τ.
411 1557 501 1606 doceris]
514 1559 631 1605 γραμματική,
643 1561 743 1606 γεωμετρία,
756 1558 866 1606 οίστρονομία,
879 1564 943 1608 ρἠτορι-

133 1615 155 1661 νη“
161 1644 165 1660 ,
178 1615 260 1661 μονοιαη,
272 1616 285 1661 τί
295 1614 336 1660 ίίλλη
346 1615 405 1662 λογιατδ
415 1617 481 1664 θεωρία
489 1619 540 1651 πᾶσα.
554 1617 576 1652 cs.
585 1628 602 1651 v.
612 1619 640 1654 35.
653 1619 698 1659 573,
710 1618 739 1654 41·
747 1615 811 1666 ,algaso
822 1616 944 1664 οίαιοῖνόίργαί

117 1674 119 1677 ’
133 1676 240 1715 πυλῶνες,
252 1672 281 1707 cal
291 1669 378 1717 εἷρετῆςττὶ
386 1670 465 1719 ἐγντίαλια
474 1670 617 1718 προπαιδείματα.
635 1675 680 1716 574,
694 1677 720 1711 13,
733 1676 832 1718 θυρῶνος
844 1671 908 1720 αἱρετῆς,
921 1675 943 1710 ιδ

133 1725 275 1775 προπαιδείματα.
296 1732 341 1772 364,
357 1730 386 1767 34.
403 1730 466 1773 σοφίαν
477 1733 512 1770 τοῖς
522 1726 587 1769 α’δολοις
598 1733 703 1776 πααθαροῒς
715 1729 850 1774 μνωμένοιςοιίεὶ
862 1733 943 1778 προξε.

134 1788 217 1821 νοτίοιο.
234 1786 277 1829 512,
290 1789 319 1822 38.
428 1781 429 1784 ¹

109 1839 141 1884 138)
165 1845 235 1885 2,331,
249 1844 276 1878 10.
290 1838 742 1887 δτιταυτόνάιίπαντοματισθέντασυνὲστη
753 1840 943 1889 φοραῖςιίλόγοιςοῖλλοί
975 1837 977 1840 ¹

131 1899 199 1945 διανοίᾳ
207 1900 255 1932 θεοῦ,
272 1898 292 1930 cf·
299 1901 343 1939 370,
355 1901 384 1934 28.
397 1898 442 1941 565,
456 1899 483 1933 19.
496 1901 518 1940 2,
530 1897 574 1940 146,
587 1898 616 1935 43-
629 1902 649 1941 2,
662 1902 704 1942 217,
717 1903 789 1936 2—12.
806 1897 857 1935 ου’δὲν
865 1913 879 1935 τ.
889 1914 943 1947 τεχνι-

131 1957 166 1989 nutv
179 1954 231 1999 ἔργων
245 1950 400 1998 οίπαντοματίζεται·
417 1950 581 1999 τεγνιαοίτατος
597 1954 616 1990 δὲ
629 1955 658 1990 nni
671 1953 779 2001 δαόσμος,
792 1954 860 1998 ω’ςδπιί
871 1964 918 2000 τινος
927 1974 941 1994 τ.

131 2006 224 2054 ἐπισταίμην
233 2005 301 2054 οίγαθοῦ
307 2022 322 2043 τι.
331 2008 434 2046 τελειοτάτου
443 2007 510 2051 πάντως
522 2012 681 2058 δεδημιουργῆσθαι.
694 2017 714 2054 2,
727 2015 771 2054 216,
784 2015 813 2049 41.
826 2018 846 2056 2,,
858 2018 899 2058 218,
914 2021 941 2053 10.

130 2069 151 2108 2,
163 2066 206 2107 414,
220 2065 248 2102 44.
267 2064 345 2101 κάτωθεν
355 2064 390 2102 dun
398 2070 492 2114 προῆλθον.
510 2070 554 2111 107,
567 2071 583 2104 5.
601 2070 646 2102 Arni.
656 2074 673 2111 1,
688 2072 715 2106 21·
732 2069 779 2112 Opus
787 2069 845 2113 ipsum
855 2073 942 2107 evidenter

131 2122 233 2155 demonstrat
240 2123 330 2167 faetorem,
343 2135 438 2169 quanquam
446 2124 461 2158 is
470 2124 538 2157 minime
546 2125 596 2160 adsit.
608 2127 636 2162 34,
644 2127 672 2162 35.
684 2126 729 2159 dum.
738 2129 759 2166 2,
773 2126 814 2162 114-
825 2129 865 2165 174.
882 2129 941 2174 Itaque

130 2179 364 2224 mundasadspeetabilisdr.
376 2182 459 2226 κλίμαξ.
475 2184 497 2223 2,
509 2182 554 2224 414,
570 2184 632 2220 45-
649 2183 691 2223 415,
708 2181 736 2217 14-
758 2181 876 2231 ἐπιβάθρα.
899 2187 938 2227 644,

131 2237 214 2273 18-24-
226 2241 246 2279 2,
259 2238 304 2279 329,
316 2239 345 2272 21].
364 2234 421 2281 τιν’λη
433 2239 465 2271 τοῦ
471 2236 513 2282 πρὸς
522 2235 605 2282 οίλήθειαν
614 2236 691 2285 ου’ρανοῦ.
705 2240 749 2280 648,
762 2239 791 2276 45-
805 2241 846 2285 649,
859 2245 886 2279 10.
899 2254 938 2286 qua-

130 2291 151 2325 lis
160 2295 219 2327 mundi
230 2293 356 2338 contemplator,
366 2305 418 2337 quum
427 2293 492 2326 desinat
501 2305 535 2327 esse
543 2292 659 2341 δίνθροιπος
671 2298 711 2341 γῆς
723 2296 735 2330 i.
744 2308 758 2329 e.
768 2297 855 2344 θηρευτής
863 2302 896 2333 ταῖν
906 2295 938 2332 σοι’-

130 2361 180 2390 ματος
187 2350 260 2395 ἡδονῶν,
272 2349 333 2394 incipit
342 2360 377 2382 esse
388 2347 512 2395 ίίνθρωπος
525 2348 550 2385 ον’
555 2364 564 2396 ρ
570 2354 623 2387 everi
634 2351 646 2385 i.
654 2363 668 2385 e.
677 2350 778 2398 φιλομαθής
782 2368 788 2396 ,-
800 2357 873 2388 nondum
882 2360 937 2388 tamen

131 2411 156 2437 est
167 2405 284 2453 ἅνθρωπος
296 2408 358 2441 θεοῦ.
370 2409 414 2449 271,
426 2408 488 2443 5—9.
513 2408 546 2440 Sed
555 2413 610 2442 tamen
618 2408 662 2442 hanc
671 2421 707 2443 esse
717 2411 741 2443 ait
749 2411 858 2455 cognitionem
868 2412 939 2445 secundi

129 2462 194 2503 gradus.
215 2468 236 2506 2,
254 2467 285 2506 19,
304 2467 332 2500 17.
353 2463 398 2506 quod
411 2474 432 2496 ex
442 2464 501 2496 mundi
510 2465 651 2507 contemplatione
659 2467 690 2500 Dei
699 2469 746 2501 notio
757 2468 846 2511 nonmagis
855 2468 939 2513 explicari

130 2523 188 2560 queat,
202 2531 251 2563 quam
260 2521 336 2553 monadis
344 2521 400 2563 notio,
411 2525 431 2553 ut
439 2519 496 2563 aliquo
503 2521 541 2553 loco
550 2520 599 2564 dicit,
613 2534 634 2555 ex
643 2523 704 2568 dyade.

108 2573 139 2615 ²³⁰)
152 2575 196 2618 465,
208 2580 237 2613 21),
250 2574 363 2621 διαθεώμενοι
369 2575 401 2624 γδρ
409 2574 429 2612 τοί
437 2574 479 2611 acted
486 2588 499 2611 τ.
507 2577 552 2612 λ’διον
561 2575 614 2623 οἶνον,
628 2579 647 2617 τδ
654 2579 735 2625 δεσπόζον
741 2581 759 2616 ἐν
766 2576 818 2627 adep,
831 2593 845 2616 τ.
854 2580 938 2628 δπήαοον,

694 2654 704 2678 e
