2219 3048
176 264 195 315 e)
210 260 395 315 κίσμοςάύτθς,
409 263 501 312 mundus,
511 260 660 315 ornatusperse
670 263 698 311 (in
707 261 808 311 abstracto]
818 263 852 311 33,
862 260 895 301 35.
911 258 969 301 αθτοῦ

93 334 172 380 audilam
184 332 227 385 ὅπερ
241 332 289 371 ἐστὶν
310 334 328 372 ἐν
343 336 368 385 τῇ
383 334 437 387 φύσει
448 336 528 387 αἰσθητῷ
542 332 610 380 κάλλος
624 330 711 384 ἀμείνων,
727 330 747 371 ού
762 328 884 382 κοσμούμενος
898 328 968 380 κάλλει,

92 404 182 456 κόσμος
195 400 210 441 δ’
223 399 280 449 αὐτὸς
289 400 320 452 ὧν,
336 404 351 442 εί
360 402 472 455 assistata
479 405 539 451 εἰπεῖν,
549 400 695 454 εὐπρεπέστατος
705 401 778 439 ἐκείνου.
793 397 861 451 κόσμος
869 397 926 446 αύτύς
941 405 969 437 est

93 480 167 513 ornatus
178 484 213 523 per
226 484 258 520 se,
272 484 312 510 non
325 472 426 531 secundupr
435 471 489 520 quid,
507 472 526 507 in
538 471 644 513 abstracto,
653 469 677 506 ad
686 469 800 507 notissimam
807 470 856 507 illam
871 469 970 506 formulam

93 543 189 590 Platonis,
208 554 246 591 qua
253 542 326 592 generis
333 541 426 576 notionem
437 539 583 588 disputationum
593 539 673 576 exordiis
682 538 773 588 subjicere
781 541 880 589 consuevit,
893 535 938 578 αὐτὸ
947 536 968 578 τὸ

92 611 149 655 καλὸν
161 613 195 652 καὶ
204 608 250 651 atat
261 608 281 649 τό
294 606 370 659 οίγαθὸν,
386 606 431 647 αύτὸ
445 605 558 659 δικαιοσύνη.
574 608 633 658 (Rep.
642 609 666 646 X.
677 609 725 658 912,
740 621 756 645 c,
765 607 793 657 d.)
804 608 828 646 cf.
838 612 871 659 48,
886 611 905 648 3.
921 609 968 657 537,

95 687 160 724 18...
166 685 186 731 ρ,
196 682 228 728 91,
237 680 269 718 20.
283 676 302 713 in
308 677 384 714 llamma
391 677 535 727 rubitlagrantis
543 678 615 728 species
622 676 717 729 ejusMosi
723 677 810 727 objicitur
818 683 838 714 ut
848 675 924 731 μορφή
932 691 969 723 τις

93 744 300 806 περικαλλεστάτη
312 748 347 784 τῶν
355 743 431 799 ὁρατῶν,
438 745 518 800 ἐμφερής
523 745 586 797 οὐδενὶ,
593 749 725 787 occisuram
737 745 821 799 ἄγαλμα,
830 751 868 799 φύς
877 745 969 798 aspasi-

50 811 52 814 Α
95 834 155 873 στερον
163 820 194 856 τοῦ
202 812 429 868 πνρθςοίπαστροίπτσυσα.
438 819 457 865 2,
464 819 513 866 436,
519 820 538 857 3.
544 822 607 867 sperat
612 822 680 863 noster,
686 816 727 853 fore
733 821 753 853 ut
761 815 840 854 reduces
847 818 890 855 olim
900 817 969 854 erbar-

94 891 140 928 haris
150 899 207 924 uniam
212 884 298 922 inlocum
303 884 372 922 {ludaei
383 886 497 934 conveniant,
503 884 629 938 ξεναγούμενοι
635 883 680 939 πρὸς
689 900 736 932 τινος
747 887 874 938 θειοτέρας
883 885 896 938 ή
905 885 968 926 κατὰ

93 956 241 1009 ἀνθρωπίνην
257 952 332 1008 ὅψεως
340 951 447 1006 ἀδήλονμὲν
457 955 529 1006 ἑτέροις,
539 953 599 1006 μόνοις
606 956 627 994 δὲ
635 959 673 1001 τοῖς
679 952 822 1006 άνασωζομένοις
832 956 927 1008 ἐμφανοῦς.
943 956 967 994 cf.

93 1026 164 1066 Gallim.
169 1025 233 1074 hymn.
241 1025 260 1060 in
267 1024 329 1074 Apoll.
341 1036 357 1059 v.
365 1025 383 1062 9.
393 1023 481 1072 Sequitur
489 1024 527 1061 hoc
537 1024 579 1061 loco
590 1029 658 1072 noster,
665 1029 685 1061 ut
695 1025 713 1060 in
723 1024 825 1074 permultis,
830 1024 968 1075 philosophiam

93 1096 210 1141 Stoicorum,
225 1093 293 1142 quibus
303 1104 359 1142 quum
375 1097 463 1130 statutum
476 1096 536 1140 essct,
551 1093 666 1131 reconditam
680 1093 700 1130 in
709 1098 772 1131 mente
779 1094 895 1144 praeclaram
909 1100 968 1131 etex-

93 1166 156 1203 imiarn
163 1163 264 1201 honestatis
274 1162 356 1212 speciem
364 1174 402 1198 non
411 1174 467 1212 posse
475 1162 564 1199 occultari
572 1163 611 1211 sed,
621 1163 673 1212 quasi
682 1162 746 1200 lumen
754 1162 846 1212 aliquod,
855 1165 877 1206 ,in
886 1176 918 1210 ore
927 1164 968 1200 vul-

93 1241 151 1284 tuque
161 1233 248 1283 sapientis
257 1237 275 1269 et
284 1232 398 1270 lineamentis
408 1232 492 1281 corporis
506 1231 589 1279 elucere,
604 1233 666 1269 solum
678 1233 780 1282 sapientem
792 1244 832 1269 esse
843 1233 929 1282 pulcrum
939 1232 968 1269 af-

92 1305 167 1342 firmare
176 1301 267 1339 solebant.
277 1302 314 1341 nd.
328 1300 457 1350 Wyttenhach
465 1300 489 1337 ad
498 1300 594 1338 Plutarchi
601 1300 683 1339 Moralia
690 1313 710 1351 p.
720 1302 767 1340 472.
783 1300 816 1349 (T.
827 1303 844 1339 1.
852 1315 872 1352 p.
884 1303 928 1342 371
938 1301 967 1338 ed.

92 1372 154 1424 Lips.)
172 1371 238 1420 Itaque
245 1370 296 1408 idem
307 1371 354 1409 sicut
363 1370 462 1420 sapientiae
472 1374 490 1406 et
498 1369 568 1407 virtutis
580 1369 683 1408 admirabili
692 1369 776 1418 quodam
784 1370 884 1419 splendore
893 1376 968 1421 captnnr

93 1443 150 1481 fuisse
158 1441 256 1478 Socratem
270 1439 314 1476 dim
329 1438 385 1488 (235,
400 1438 419 1478 5.
434 1440 485 1486 339,
500 1439 544 1489 29.)
560 1444 578 1475 et
592 1440 611 1476 in
623 1440 729 1476 universum
744 1438 778 1488 54,
793 1441 827 1479 29.
842 1437 862 1478 τὸ
872 1437 939 1491 οίγαθὸν
950 1454 967 1479 κ.

94 1508 196 1564 ίρθήναι*)
207 1505 305 1547 κάλλιστον
314 1522 332 1547 a.
342 1506 484 1556 ἀπσλανσθήναι.
502 1509 551 1557 337,
558 1510 592 1547 20.
606 1506 631 1547 τοὶ
641 1504 724 1558 αἰσθήσει
733 1505 785 1547 καλοί
796 1507 829 1547 καὶ
838 1505 899 1559 νοήσει
907 1510 968 1548 καλῶν

93 1582 170 1628 είκονας,
186 1578 210 1616 cf.
222 1576 293 1614 Ezcoh.
310 1578 328 1622 1,
343 1576 362 1613 4.
379 1576 410 1613 14.
426 1586 466 1611 esse
475 1574 548 1624 docuit,
563 1573 705 1627 ita‘principum
715 1581 753 1615 tum
766 1577 848 1614 virorum
861 1582 900 1614 tum
913 1578 968 1615 fem-

93 1660 166 1694 narum,
176 1657 255 1695 quorum
263 1645 282 1681 in
292 1645 348 1681 sacris
356 1644 407 1681 libris
414 1644 484 1680 mentio
492 1644 543 1680 facta
552 1649 586 1692 est,
600 1644 640 1681 fere
649 1646 740 1693 omnium,
755 1646 823 1684 Adami
833 1658 917 1684 recensa
926 1647 968 1685 Deo

93 1718 149 1757 creati
158 1717 205 1766 (33,
220 1713 273 1764 29),
288 1712 402 1760 Abrahami,
416 1712 551 1763 nnminepleni
564 1712 597 1762 (2,
612 1713 665 1761 442,
681 1715 714 1753 40.
723 1714 767 1764 σή),
782 1714 840 1751 Sarae
852 1716 881 1763 (2,
898 1717 933 1763 15,
949 1718 967 1756 3,
993 1726 995 1729 ’

92 1788 133 1838 7.),
148 1784 217 1823 Jacobi
229 1783 287 1832 (122,
303 1781 355 1832 13),
369 1781 428 1819 illesis
443 1780 468 1818 de
480 1787 544 1819 monte
557 1780 680 1832 reducis'(2,
699 1784 749 1830 146,
765 1785 783 1823 6.
800 1783 832 1822 14.
849 1784 900 1834 17),
912 1770 967 1822 deni-

94 1870 130 1907 qne
143 1856 199 1906 ipsius
211 1854 244 1891 τοῦ
256 1853 300 1890 θείου
312 1849 365 1902 λόγου
374 1850 466 1902 insignem
476 1850 621 1901 pulcritudinem
632 1851 718 1905 laudibus
727 1852 817 1889 extollere
827 1864 865 1888 non
873 1851 967 1893 dubium.

172 1922 200 1974 f]
217 1923 267 1970 198,
283 1922 316 1960 21.
330 1918 431 1971 ούρανύς
447 1920 458 1956 i.
471 1932 487 1959 e.
498 1917 507 1959 ὃ
518 1924 551 1960 τοῦ
566 1923 605 1961 θεοῦ
622 1919 711 1974 θησαυρὸς
724 1919 822 1975 μετάρσιος
837 1921 870 1960 καὶ
886 1918 967 1972 ἐγκύμων

97 1994 142 2032 θείων
152 1990 227 2045 φώτων,
242 1991 314 2040 quippe
324 2000 446 2037 quaecunque
454 1988 504 2025 hona
517 1989 623 2028 horninibus
635 1991 730 2041 impertire
738 1991 780 2028 Deo
786 1990 867 2041 placuit,
881 1989 968 2040 praeser-

96 2062 231 2111 timsapientia,
246 2059 290 2096 inde
299 2057 416 2109 proveniunt.
431 2057 455 2095 cf.
471 2059 522 2106 633,
537 2058 556 2098 5.
570 2071 598 2107 sq.
614 2056 717 2113 οὐρανός
729 2065 793 2098 antem
803 2060 822 2097 in
834 2054 905 2110 genero
916 2063 944 2095 est
958 2054 967 2096 ὃ

95 2146 112 2170 τ.
125 2130 172 2167 θείων
182 2125 355 2180 θησανρθςοὶγαθῶν.
371 2128 433 2176 (483,
448 2128 491 2174 32.)
929 2174 931 2176 ‚

180 2198 204 2247 g)
220 2198 270 2247 533,
286 2199 319 2237 39.
334 2193 413 2246 ήθιος,
428 2191 490 2234 τὸτοῦ
499 2193 541 2234 κατ’
551 2193 903 2249 ούρανὸνπεριπολούντοςπαράδειγμα,
919 2194 966 2235 Gen.

96 2270 128 2317 19,
144 2268 178 2307 23.
193 2262 202 2303 ὁ
212 2278 228 2314 γ.
237 2279 253 2304 τ.
266 2268 304 2305 θεοῦ
312 2262 377 2316 λόγος,
392 2262 436 2303 ’όταν
446 2263 474 2303 ἐπὶ
483 2261 504 2304 τὸ
514 2267 579 2315 γεῶδες
589 2262 640 2316 ήμῶν
651 2263 740 2318 σύστημα
747 2264 841 2318 ἀφίκηταί
850 2266 888 2311 τοῖς
896 2278 914 2317 μ,
924 2262 967 2318 eips-

95 2370 217 2385 -ο-α

138 2441 158 2489 ³1)
170 2442 239 2474 armen.
253 2441 270 2478 2,
283 2439 321 2474 324.
333 2440 352 2472 In
365 2452 397 2484 quo
409 2438 441 2473 Ilei
452 2441 518 2472 oracula
530 2439 645 2472 habitaverint
655 2437 745 2480 sapientiae
762 2436 817 2469 studio
830 2443 879 2483 atquc
892 2439 965 2480 virtutis,
1023 2460 1025 2462 -

164 2497 194 2531 etsi
201 2495 277 2529 Silenum
289 2498 389 2536 superaverit
401 2497 476 2542 corporis
490 2496 603 2537 deformitate,
617 2493 739 2539 pulcherrimus
753 2499 777 2527 cst
787 2496 890 2530 necessario:
902 2496 965 2528 bonum

166 2560 190 2587 est
198 2555 242 2588 enim
251 2554 266 2588 ei
274 2550 343 2598 proprio
352 2553 415 2594 pudore
422 2555 540 2588 venerabiliter
549 2550 650 2585 conformari
657 2553 765 2596 acceptationi
773 2554 871 2588 videntium.
