2219 3048
86 184 115 225 66

85 300 135 347 θεοῦ,
149 309 193 335 mox
207 296 259 347 587,
274 297 293 336 7.
306 297 339 336 10.
352 297 404 335 Deus
418 297 469 349 ipse,
484 310 528 336 mox
540 297 620 346 denique
633 296 686 344 690,
703 297 734 336 12.
750 295 774 333 cf.
789 293 841 344 586,
858 294 890 333 13.
905 290 914 332 ὁ
927 297 960 334 τοῦ

84 366 135 414 ’ὄντος
147 363 200 417 λόγος
215 379 238 404 ex
249 366 352 405 Deuteron.
368 370 392 417 9,
408 367 426 408 5.
446 360 478 409 nbi
488 353 523 417 pro
536 366 629 404 Hebraico
644 370 676 409 ³37,
689 364 749 402 LXX.
763 364 800 403 hae
814 376 860 402 voce
875 363 904 400 usi
919 369 961 400 sum

84 437 130 487 (rid.
145 436 235 486 Carpzov
249 449 315 474 sacrae
330 437 429 475 exercitati.
452 437 526 485 Proleg.
538 429 659 472 LXXXVIII.
673 446 692 483 p.
705 436 752 474 338·
765 435 813 474 418·
830 433 887 483 402.)
909 432 960 470 idern

84 504 93 546 6
106 503 159 558 λόγος
171 505 239 543 dicitur
251 509 299 556 299,
316 505 347 545 15.
363 517 405 541 cum
415 503 508 551 Israelitis,
523 515 603 552 quorum
617 516 637 541 se
648 507 731 540 tutorem
740 503 793 541 'Deus
804 502 847 550 inde
859 502 883 539 ab
897 502 961 539 ultima

83 576 144 627 gentis
158 577 232 628 origine
245 577 339 627 professus
354 576 393 609 erat
405 572 463 621 (644,
478 573 512 611 40.
526 574 560 612 44.
568 572 597 611 cll.
611 572 661 623 la),
676 571 752 610 eosdem
765 572 834 610 amicos
846 576 864 610 et
876 571 959 610 inimicos

83 645 162 685 habere.
192 645 317 693 Quamobrem
330 640 434 689 lsraelitae,
450 642 481 690 qui
494 641 538 679 alias
553 644 606 691 388,
622 644 655 683 33.
666 641 690 678 of.
707 643 759 691 293,
774 641 807 682 37.
822 638 831 680 ὁ
844 629 928 695 ὁρατικός
942 656 959 681 τ.

84 717 124 755 θεοῦ
138 730 156 755 a.
165 712 237 765 γ)ήσιος
250 708 361 762 θεραπευτής
373 708 440 763 τρόπος
453 710 549 759 dicuntur,
566 711 620 760 licet,
634 711 715 761 01413,
734 711 768 751 44.
781 714 818 759 est,
838 705 897 751 ου’κέοο
908 708 959 764 ἐξάρ-

85 799 134 836 χουτι
146 783 239 822 πείθωνται
256 776 314 833 λόγῳ,
337 778 425 835 0111τῴ
438 795 456 819 τ.
473 778 543 827 παντὸς
558 782 602 835 θεῷ,
622 786 686 818 tamen
697 780 754 818 iidem
765 780 891 831 appellantur,
910 779 959 827 427,

87 856 117 894 14.
131 849 177 890 θιοὶ
189 846 286 901 Ἰσραὴλ
300 852 340 890 τοῦ
355 847 458 903 ὁρῶντος
475 851 487 889 i.
500 863 516 890 e.
532 862 550 890 v.
564 852 582 891 6.
601 865 618 889 τ.
636 851 681 890 θείου
698 847 752 903 λόγου
768 855 787 888 et
802 852 855 902 427,
872 849 958 891 9-11.

84 923 135 970 644,
154 921 188 959 47.
202 918 232 956 cll.
244 919 295 968 122,
316 921 335 960 6.
355 917 424 970 λόγου
438 921 520 966 παῖδος
534 922 573 959 τοῦ
589 917 717 972 ἱερωτάτου
737 932 782 972 opp.
801 923 852 972 338,
869 919 902 960 34.
924 908 959 969 γῆς

82 993 156 1040 παῖδος,
173 988 284 1040 praesertim
299 1000 357 1037 quum
371 987 422 1025 idem
434 990 467 1027 τοῦ
479 986 538 1028 alateo
554 986 563 1028 6
577 986 630 1040 λόγος
645 990 668 1026 sit
680 989 728 1039 411,
743 991 762 1029 7.
775 990 793 1029 8.
808 987 898 1044 ἅνθρωπος
912 988 958 1034 θεοῦ,

82 1061 115 1098 τοῦ
128 1058 149 1097 δὲ
163 1055 241 1108 ἀληθοῦς
254 1055 346 1109 ἀνθρώπου
358 1054 450 1109 μίμημοοὸ
462 1056 497 1105 τοὶς
504 1058 593 1112 πατρίους
605 1056 661 1110 εὐχὰς
674 1060 758 1099 ἐπιτελῶν
771 1057 832 1109 (653,
847 1057 895 1108 26).
917 1056 958 1095 he-

81 1128 138 1178 nique
151 1127 192 1177 ipse
206 1124 260 1178 λόγος
273 1127 300 1164 dr.
315 1128 367 1176 427,
387 1128 405 1166 6.
430 1124 488 1179 όρῶν
507 1125 613 1186 Ἰσραήλ,
638 1128 690 1178 quasi
708 1123 967 1178 00010810100001111000100

83 1197 148 1234 ceteris
162 1195 201 1246 ejus
215 1196 268 1234 sedes
282 1197 339 1233 sitae
353 1196 472 1233 domicilium.

168 1266 190 1316 6]
220 1265 308 1303 Venimus
326 1266 351 1302 ad
367 1266 495 1315 quaestionem
517 1265 582 1303 ultimo
603 1265 646 1302 loco
664 1264 815 1317 disceptandam:
848 1271 930 1303 utrum
947 1261 957 1304 ὁ

82 1337 145 1380 θεῖος
158 1331 226 1386 λόγος
240 1334 391 1372 Judaeorum
405 1335 571 1371 tantummodo
586 1334 670 1384 fuerit,
690 1349 718 1372 an
732 1335 790 1373 item
804 1334 833 1372 ad
847 1335 958 1386 gentiles

80 1404 229 1455 pertinuerit
239 1406 266 1440 'et
280 1402 414 1453 quomodo?
444 1403 507 1449 Quam]
520 1400 529 1442 ὁ
542 1403 555 1442 θ.
566 1405 593 1452 λ,
608 1407 695 1453 utsupra
708 1404 803 1442 docuimus
815 1403 840 1441 ad
852 1417 908 1441 omne
921 1404 958 1442 hu-

82 1486 159 1510 manum
174 1486 233 1524 genus
249 1473 341 1523 pertineat
354 1477 373 1509 et
383 1471 474 1521 quidquid
488 1478 567 1521 usquam
584 1472 622 1509 sive
641 1473 660 1509 in
674 1485 737 1510 rerum
750 1478 815 1511 natura
833 1474 871 1511 sive
889 1474 958 1511 inuita

81 1542 179 1580 hominum
191 1542 264 1578 ratione
278 1541 423 1588 administratur,
442 1540 529 1578 idemne
543 1540 617 1579 euhoe
631 1541 683 1579 fonte
694 1547 804 1593 prornanet,
823 1554 866 1580 eum
880 1543 899 1579 in
909 1555 958 1594 gen-

81 1612 143 1649 tilibus
153 1623 229 1660 quoque
241 1611 279 1647 vim
288 1609 387 1656 hahuisse,
410 1614 554 1646 consentaneum
566 1615 611 1650 erat.
640 1611 669 1648 Ac
682 1612 763 1660 primum
780 1611 856 1662 quidem
873 1612 958 1650 testimo-

81 1682 132 1719 nium
145 1680 193 1717 illud
204 1684 241 1728 est,
263 1671 323 1729 quod,
344 1690 401 1727 quum
414 1679 433 1715 in
446 1679 531 1717 omnibus
545 1678 619 1715 omnino
633 1678 737 1717 hominibus
750 1681 887 1719 seminainsint
899 1682 958 1719 virtu-

81 1751 103 1787 tis
117 1749 261 1800 diligentiaeque
273 1753 291 1786 et
305 1748 387 1785 culturae
401 1748 422 1785 iis
438 1746 532 1784 adhibitae
544 1760 636 1796 nusquam
653 1746 780 1786 desiderentur
796 1750 874 1788 facultas
892 1754 910 1787 et
924 1762 957 1787 cu-

82 1820 145 1870 empla
159 1819 192 1869 (2,
208 1817 259 1867 456,
276 1820 293 1857 1.
311 1816 361 1867 35),
376 1828 431 1866 quam
444 1818 517 1868 regiam
530 1817 579 1854 aiam
590 1816 665 1867 judicat
678 1816 702 1853 ad
715 1817 824 1866 sapientiam
839 1824 857 1856 et
872 1819 957 1856 virtutem

82 1888 233 1939 comparandam,
249 1899 346 1924 conunune
358 1885 402 1922 dicit
415 1876 543 1934 essebonum,
557 1898 595 1922 non
606 1885 648 1922 satis
658 1885 704 1922 illud
715 1886 829 1924 laudandum
847 1888 895 1937 (12,
908 1888 957 1938 25),

82 1956 230 2008 philosophiam,
253 1956 315 1994 divino
329 1954 404 2005 quidem
416 1968 492 1993 munere
507 1955 590 1992 humano
604 1955 670 2005 generi
685 1967 801 2003 concessam,
825 1959 845 2007 2,
860 1959 908 2006 330,
923 1960 957 1998 28,

84 2026 113 2065 cll.
125 2029 175 2076 299,
195 2025 227 2066 15.
254 2028 304 2076 668,
324 2027 357 2065 40.
382 2026 434 2075 340,
453 2025 487 2065 25.
511 2023 544 2076 οὐχ
561 2022 585 2071 ὡς
598 2022 658 2075 γήϊνον
671 2026 746 2078 assiqua,
765 2023 804 2065 ἀλλ’
820 2022 843 2073 ὥς
855 2023 956 2078 Ὀλύμπιον

84 2091 188 2147 ἀγώνισμα,
209 2108 288 2145 eamque
302 2107 340 2132 non
356 2094 416 2131 solum
431 2097 455 2143 2,
475 2093 526 2143 145,
546 2096 564 2133 8.
586 2091 646 2130 Mosis
662 2094 781 2145 magistram,
805 2095 837 2145 qui
850 2096 893 2133 alias
908 2097 955 2146 498,

83 2165 117 2203 31.
133 2165 155 2202 cf.
169 2167 220 2215 497,
236 2167 269 2204 20.
285 2161 338 2216 φύσει
351 2160 457 2217 διδασκάλῳ
471 2159 585 2217 χρησάμενος
601 2160 638 2209 dn,
652 2161 686 2199 sed
700 2162 778 2201 eandem
792 2164 847 2202 etiam
860 2165 908 2212 244,
922 2168 955 2206 38.

83 2245 126 2270 cum
142 2234 180 2271 θεοῦ
194 2231 260 2285 ῥήματι
271 2248 288 2273 y„
301 2231 348 2289 λόγῳ
363 2232 427 2282 (Dent.
444 2233 479 2283 17,
497 2232 549 2282 11],
564 2230 728 2286 quemadmodum
737 2233 811 2270 abunde
824 2232 906 2271 declarat
917 2236 955 2274 Ar-

80 2315 130 2340 men.
146 2301 177 2339 ed.
195 2303 252 2342 1826.
268 2316 287 2352 p.
299 2303 332 2341 40.
353 2301 505 2351 quandoquidem
517 2300 637 2351 philosophia
656 2300 728 2350 (quarn
741 2301 789 2337 viam
808 2300 833 2338 ad
848 2304 955 2354 sapientiam

81 2371 165 2421 dixerat)
179 2370 264 2421 praedita
277 2376 304 2409 est
318 2372 374 2409 virtus
391 2370 480 2419 creativa,
508 2368 629 2420 philosophia
647 2373 666 2405 et
684 2367 843 2421 reginpertus),
869 2374 955 2425 01111000-Ὶ

80 2440 130 2492 phus
146 2440 202 2478 etiarn
219 2439 303 2478 anundus.
340 2439 414 2478 Deinde
433 2444 538 2477 exterorum
556 2438 671 2489 populorum
694 2436 817 2489 philosophos
836 2442 884 2481 adeo
899 2444 954 2482 laude

82 2522 115 2547 sua
127 2521 164 2548 non
178 2508 263 2556 fraudat,
278 2512 299 2543 nt
311 2508 378 2547 Mosen
389 2509 450 2560 ipsum
462 2508 509 2546 falso
524 2509 581 2557 dicat,
597 2511 617 2555 2,
633 2507 669 2555 83,
685 2508 716 2545 41.
733 2507 809 2547 Graecis
822 2511 877 2550 literis
892 2501 954 2551 imbu-

80 2583 121 2617 tum
130 2592 176 2629 esse,
191 2579 289 2617 Platonem
298 2581 358 2613 autem
366 2578 422 2629 (350,
437 2580 470 2618 44.
486 2577 534 2629 445,
551 2580 583 2618 13.
599 2575 646 2626 592,
661 2576 695 2617 21.
709 2576 757 2627 555,
773 2580 805 2620 31.
820 2583 841 2631 2,
858 2582 904 2632 142,
920 2583 954 2635 1.),
