2219 3048
923 156 930 166 ‘
963 169 976 207 a

91 292 216 343 „Accedebat
224 288 315 325 excellens
327 285 422 332 doctriua,
441 296 484 321 cum
496 282 628 334 philosophiae
643 296 666 320 er
677 284 740 323 schola
747 287 843 324 Platonica
855 287 884 337 (et
894 286 975 337 Stoica),

91 363 160 414 „cujus
174 360 269 396 alumnum
281 369 301 393 sc
313 354 445 407 profitebatur,
466 357 484 391 et
498 353 617 402 reliquarum,
628 353 679 390 unde
694 355 764 403 optima
773 369 859 406 quaeque
871 357 973 405 delibabat,

91 430 223 482 „cognitione,
243 432 283 464 tum
295 425 392 472 historiae,
412 425 507 461 literarum
520 423 579 460 onmis
592 424 667 473 generis
682 427 700 459 et
713 422 787 472 artium,
806 426 973 465 exiniiuitalibro-

90 513 147 550 „rum
156 498 256 537 lectione,“
271 493 289 546 5]

174 594 218 641 Quo
233 593 291 644 magis
304 593 371 629 mirum
382 592 469 642 prot'ecto
482 592 564 639 uidetur,
584 591 603 628 in
618 590 656 628 hac
668 595 728 639 tanta,
751 602 800 639 quae
812 596 874 629 nostra
882 595 973 632 memoria

90 672 153 706 exorta
165 670 202 714 est,
221 663 337 701 Graecarum
346 661 438 698 literarum
448 662 499 709 luce,
518 661 628 712 praesertim
639 666 742 711 postquam
754 660 826 709 aliquot
840 658 907 698 abhinc
921 665 971 701 aruns

89 735 182 788 deperditi
190 732 271 771 Philonis
277 731 319 768 libri
329 742 367 767 nou
376 729 431 779 pauci
440 730 509 779 parlim
517 729 591 766 Graece
600 730 671 779 scripti,
686 731 755 780 partim
765 742 789 767 es
796 730 929 768 Armeniorum
937 733 973 769 liu-2

87 817 126 855 gua
138 802 250 840 inLatimmr
260 798 368 839 ¹sermonem
380 797 463 835 translati
475 797 544 849 Angeli
558 797 606 847 Maji
615 796 633 848 ⁶]
649 804 667 835 et
681 800 758 837 Joannis
772 800 872 851 Baptistae
883 801 972 850 Anchari,

87 874 175 910 Virorum
185 870 333 908 Clarissimorum
340 868 439 919 praeclara
448 873 507 917 opera
518 880 529 904 e
539 866 705 915 bibliothecarum,
724 870 743 906 in
757 870 822 919 quibus
836 870 900 908 adhuc
912 871 972 907 latue-

87 945 137 990 rant,
156 941 236 978 tenebris
245 940 291 977 eruti
300 943 350 987 sunt,
370 936 452 975 Philonis
467 936 536 987 scripta
549 936 650 974 etiamnum
662 937 688 974 ita
700 937 785 988 neglecta
795 939 870 989 jacere,
888 946 919 986 ut,
940 941 972 987 qui

90 1069 207 1077 -..--——-

134 1149 150 1198 5)
162 1150 228 1184 <Graeci
241 1151 339 1194 scriptores,
359 1147 447 1183 aPhiIone
455 1147 520 1199 laudati
539 1147 686 1194 (pbilosophorum
695 1151 740 1183 enim
754 1151 970 1196 aliarumquepersonarum

156 1208 274 1241 historicarum
286 1207 354 1240 nomina
367 1216 452 1240 recensere
465 1206 534 1248 languor
548 1209 588 1249 est),
609 1206 628 1238 hi
639 1207 673 1239 fere
687 1213 735 1240 sunt:
752 1208 853 1250 Aeschines,
871 1208 970 1251 Aeschylus,

154 1267 272 1308 Anaxagoras,
288 1263 406 1305 Anaxarchus,
418 1261 535 1302 Antisthenes,
548 1261 637 1306 Astrologi,
650 1263 754 1305 Astrononri3
767 1265 805 1298 Bias
809 1277 814 1307 3
827 1264 922 1307 Cleanthes,
937 1265 970 1296 Co-

155 1322 209 1356 micus
217 1322 286 1365 aliquis,
300 1320 392 1362 Critolaus3
407 1319 512 1352 Deliacorum
521 1318 617 1362 scriptores,
635 1319 745 1365 Democritus,
758 1322 863 1367 Διοσημείων
870 1321 968 1365 scriptores,

154 1379 274 1424 Empedocles,
294 1378 414 1422 Epicharmus,
428 1376 525 1420 Epicuraei,
537 1375 667 1416 Eratosthenes,
679 1377 776 1422 Euripides,
789 1378 893 1420 Heraclitus,
905 1378 968 1410 llesio-

155 1438 196 1478 dus,
211 1436 331 1480 Hippocrates,
347 1435 429 1467 Homerus
434 1458 439 1475 ,
456 1433 525 1466 Homeri
534 1437 648 1472 errurralores;
666 1434 697 1467 ion
705 1435 789 1479 tragicus,
800 1437 850 1479 Leges
862 1436 967 1479 populorum,

153 1494 284 1536 Legunrlatores,
297 1490 409 1525 Mathematici
422 1490 525 1522 Graecorum
538 1495 554 1521 et
561 1490 681 1533 Romanorum,
688 1491 755 1534 Medici,
764 1492 854 1536 scriptores
862 1491 899 1536 περὶ
908 1491 966 1536 μέθης,

152 1549 254 1592 Menander,
266 1549 354 1582 illimorum
364 1547 465 1591 scriptores,
477 1544 536 1578 Musici
544 1551 560 1578 et
570 1549 638 1590 pottae,
651 1547 781 1593 blythographi,
792 1550 875 1582 Naturalis
887 1548 967 1582 historiae

153 1606 253 1650 scriptores3
266 1604 343 1647 Phidias,
356 1604 450 1644 Philolaus,
464 1600 563 1646 Philosophi
570 1604 629 1646 ceteri,
641 1604 730 1639 Phocensis
739 1607 779 1639 belli
786 1607 880 1651 scriptores,
894 1604 965 1648 Plrysici,

151 1663 244 1704 Pindarus,
260 1661 317 1704 Plato,
336 1662 396 1693 Poetae
407 1665 423 1692 et
431 1658 522 1702 Historici,
539 1660 612 1692 Prosaici
622 1661 721 1705 scriptores,
739 1663 818 1696 Prodicus
827 1661 965 1707 Xenophonteus,

94 1746 95 1749 ,
152 1721 256 1763 Protagoras,
268 1717 376 1762 Pythagorci3
388 1716 501 1749 llcilinsticae
510 1715 608 1759 scriptores;
622 1718 699 1761 Sceptici,
713 1719 746 1759 Qui
754 1719 826 1751 Semelae
833 1730 859 1752 res
867 1724 965 1759 narrarunt,

151 1777 244 1810 Sicularum
254 1786 309 1808 rerum
320 1774 418 1817 scriptores,
431 1773 516 1814 Socrates,
529 1773 590 1813 Solon,
603 1772 700 1816 sophistae,
714 1775 814 1818 Sophocles,
831 1776 893 1816 Stoici,
906 1776 965 1819 Syllo-

151 1835 211 1878 gistae,
233 1831 342 1873 Theocritus,
357 1829 450 1872 Theognis,
464 1827 543 1861 Thraciae
553 1828 649 1872 indigenae,
668 1829 783 1876 Thucydides,
801 1833 879 1876 Tragicus
893 1832 966 1877 aliquis,

150 1891 251 1930 venatores,
268 1889 317 1921 Zeno.
341 1885 426 1929 Magnifice
442 1890 497 1917 autem
514 1890 591 1917 nostrum
608 1886 678 1920 sensisse
696 1888 716 1921 de
734 1890 814 1934 sapientia
830 1895 916 1932 veterum,
937 1890 966 1931 ita,

149 1954 169 1980 ut
179 1947 223 1979 nihil
235 1946 270 1990 ejus
281 1943 344 1977 nescire
355 1940 427 1985 optabile
435 1941 468 1984 ipsi
480 1941 537 1974 visam
550 1942 611 1986 fuerit,
630 1943 667 1988 ipsc
675 1950 745 1979 testatur
757 1949 798 1988 178,
819 1947 905 1983 35-41.

126 2020 141 2069 ⁶)
154 2021 228 2055 Philonis
238 2019 295 2053 ludaei
304 2018 324 2051 de
334 2016 407 2062 Cophini
415 2018 458 2049 sesto
465 2022 482 2050 et
490 2017 510 2050 tle
520 2017 594 2050 colendis
601 2021 698 2062 parentibus
707 2033 743 2055 cum
752 2022 799 2055 breui
808 2022 873 2066 scripto
888 2022 909 2054 de
917 2022 964 2056 lona.

149 2080 174 2112 ed.
191 2089 210 2110 ac
222 2077 314 2121 interprete
326 2074 391 2118 angero
402 2076 455 2117 Mose,
472 2073 491 2107 A.
507 2075 524 2109 C.
540 2075 559 2108 Ι).
572 2076 613 2119 regii
622 2078 684 2121 Belgici
696 2079 771 2111 instituti-
781 2079 843 2114 sodale.
869 2079 964 2114 Mediolani.

150 2138 200 2174 1828.
213 2137 229 2171 8.
242 2134 276 2166 XX
285 2138 301 2165 et
311 2135 339 2168 36.
350 2143 397 2176 pagg.
421 2131 496 2165 Philonis
506 2131 563 2164 ludaei
576 2132 631 2176 Opera
645 2134 662 2166 in
671 2135 747 2168 Armenia
760 2142 866 2170 conseruata.
890 2136 964 2180 Philonis

149 2193 186 2227 Jud.
199 2201 282 2224 sermones
294 2194 329 2222 tres
336 2188 417 2221 hactenus
425 2188 483 2221 inediti
492 2191 509 2224 1.
516 2193 532 2221 et
539 2193 555 2225 2.
564 2190 698 2224 DeProvidentin
706 2198 722 2225 et
730 2195 749 2229 3„
755 2194 779 2226 De
787 2194 895 2236 Animalibus,
902 2205 923 2226 ex
930 2194 961 2226 Ar-

148 2261 198 2283 mena
208 2246 284 2282 versione
295 2245 409 2288 antiquissima
419 2245 440 2277 ab
451 2245 490 2288 ipso
502 2246 579 2289 originali
592 2252 639 2281 textu
654 2250 718 2282 Graeco
731 2251 753 2283 ad
764 2251 835 2284 uerbum
847 2252 904 2284 stricte
913 2261 960 2283 exse-

150 2311 212 2351 quuta,
228 2315 274 2337 uarie
281 2302 355 2347 primum
363 2301 382 2334 in
390 2302 456 2333 Latium
467 2301 540 2335 fideliter
548 2305 625 2337 translati
632 2317 662 2348 per
673 2306 689 2338 P.
698 2306 826 2352 lo.Baptista1n
839 2307 912 2350 Aracha,
924 2309 960 2340 An-

149 2373 239 2407 cyranum,
252 2359 353 2394 hlonachum
360 2358 450 2391 Armeuunr
459 2364 475 2390 et
486 2358 576 2393 Doctorem
585 2361 721 2398 illechitaristam.
735 2364 814 2398 Venetiis.
829 2369 880 2402 1822.
891 2364 923 2402 Ν,
935 2365 961 2397 ΧΙ

148 2425 165 2453 et
173 2422 211 2456 178.
222 2430 251 2462 pp.
258 2418 275 2454 4.
288 2416 363 2449 Philonis
371 2415 429 2448 ludaei
436 2414 562 2459 Paralipomena
571 2416 650 2460 Aranena,
662 2420 704 2453 libri
712 2422 790 2455 videlicet
803 2428 873 2466 qriatuor
880 2423 897 2453 in
906 2421 961 2454 Gene-

148 2477 173 2510 sin
179 2501 184 2517 ,
195 2474 236 2508 libri
244 2475 277 2506 duo
286 2474 304 2506 in
311 2473 397 2516 Exodum,
410 2485 462 2506 sermo
471 2483 515 2507 unus
526 2475 546 2507 de
558 2477 656 2520 sanrpsone,
670 2478 713 2512 alter
722 2480 742 2512 de
752 2480 798 2521 Jona,
811 2479 867 2512 tertius
876 2478 896 2510 de
906 2479 961 2512 tribus

149 2531 316 2576 arigalisAbrahamo
328 2531 456 2576 apparentibus,
475 2542 526 2575 opera
540 2532 619 2565 hactenus
631 2533 706 2579 inedita,
726 2548 747 2569 ox
765 2537 835 2570 Armem
848 2534 925 2568 versione
937 2555 960 2560 —

147 2590 227 2626 translata
233 2600 264 2634 per
271 2588 309 2622 RJ.
315 2589 335 2623 Β,
342 2588 416 2623 Auctor.
431 2587 508 2623 Venetiie.
520 2590 571 2625 1826.
583 2587 597 2622 V
605 2596 621 2623 et
629 2595 669 2630 630,
678 2597 729 2640 ppa,
