2219 3048
925 147 952 191 15

69 269 118 312 ἀλλά
126 273 159 312 καὶ
170 266 240 319 σαυτήν
250 266 345 322 ἀπόδραθι.
361 269 409 318 483,
423 266 442 308 5.
455 270 568 320 μετανέστην
577 268 610 308 καί
622 267 722 320 τοῦλόγου,
731 268 789 322 ήνίκα
797 268 866 321 πολλήν
875 268 953 322 ἀλογίαν

69 339 125 381 αότοῶ
133 341 260 390 κατέγνων.·ν,
270 340 301 379 18.
311 337 389 379 ίκάστου
398 335 434 384 τάς
442 334 527 389 δυνάμεις
535 335 628 377 ἀναθεῖναί
636 338 667 391 θεῷ
676 340 701 390 τῷ
707 336 727 376 τό
737 343 790 391 σῶμα
798 341 953 392 σωματοῶντικαὶ

68 409 156 462 πηγνόντι
165 407 198 447 καὶ
206 406 240 459 τήν
250 409 332 461 αἴσθησιν
341 409 458 449 οίίσθανεσθαι
468 404 628 461 παρασκευάζοντι
637 407 670 446 καί
678 408 704 460 τῷ
712 404 759 458 λόγω
767 407 788 446 τό
797 411 854 461 λέγειν
864 409 952 464 όρέγοντι.

68 481 140 529 485,4.
147 475 235 529 ἐξήγαγεν
240 475 295 518 αὐτόν
304 478 337 526 ἔξω
346 480 381 517 τῶν
390 475 443 518 κατά
448 475 469 518 τό
477 472 711 531 σῶμαδεσμωτηρίων,τῶν
716 474 768 516 κατά
775 475 810 523 τάς
817 479 908 530 αἰσθήσεις
915 495 952 533 φω-

68 551 118 599 λεῶν,
122 552 157 589 τῶν
166 545 252 587 κατάτόν
261 546 361 588 ἀπατεῶνα
369 545 421 599 λόγον
431 551 542 602 σοφιστειῶν.
558 549 607 597 487,
616 546 649 588 35.
656 547 685 584 cll.
691 547 764 586 4046.
771 541 839 585 elifio.
848 549 913 600 ψυχήν,
921 547 951 589 λό-

68 633 105 671 γον,
115 619 198 667 α’ίσθησιν
206 614 333 657 ἀνατεθείκασι
343 618 380 670 θεῶ.
395 619 444 666 488,
455 620 473 658 8.
485 618 516 656 11.
526 615 709 671 ψυχήν-αἴσθησιν
716 638 740 654 .—
747 613 802 668 λόγον
812 617 832 656 δὲ
841 615 948 670 στόμαργον,

69 681 179 740 η’κονημένον
186 686 237 727 κατά
244 691 280 739 τής
287 684 383 737 ἀληθείας,
400 684 486 738 βλαβερόν
496 687 528 738 μὲν
537 690 576 733 τοῖς
584 684 733 738 ἐντυγχάνουσιν,
748 685 837 738 αἰσχύνην
846 687 867 725 δὲ
874 691 912 733 τοῖς
923 701 951 726 κε-

68 759 165 810 κτημένοις
174 756 286 809 ἐπιφέροντα,
300 755 325 793 de
333 754 399 799 abusu.
411 755 437 793 ib.
446 767 463 794 v.
474 757 508 795 20.
523 754 554 795 τόν
563 755 584 793 δὲ
591 752 643 807 λόγον
659 757 702 811 (θεῷ
711 754 807 808 λαβόντες)
830 753 850 794 ίί
871 754 952 810 ἀχαλίνῳ

69 824 148 879 στόματι
156 825 250 877 ἐγκωμίοις
257 826 290 865 καὶ
296 821 631 876 ίίμνοιςκοιὶεόδαιμονισμοίςγεραίροι
639 822 669 863 τὸν
679 829 714 865 τῶν
723 825 768 866 ὅλων
776 829 855 878 πατέρα,
863 824 900 872 τάς
908 823 953 877 πρός

68 895 163 949 ἑρμηνείαν
173 891 248 942 άπάσας
257 892 325 949 ἀρετάς
335 895 360 940 εἰς
367 895 385 931 ἓν
394 891 511 946 τοῦτομόνον
520 896 571 947 ἔργον
580 896 690 945 συγκροτῶν,
705 895 728 933 cf.
736 908 753 934 v.
762 897 795 936 36.
805 897 853 950 489,
863 897 897 936 36.
913 892 951 934 ἀπό

68 963 171 1020 ἀνθρώπου,
186 967 217 1004 τοῦ
227 965 314 1017 λογισμοῦ
324 964 358 1003 καὶ
369 978 386 1002 τ,
395 960 459 1015 λόγου,
475 964 508 1009 ἕως
515 960 603 1014 κτήνους,
618 977 635 1002 τ.
645 960 746 1014 αίσθήσεῶς
754 978 774 1002 τε
782 965 815 1003 καὶ
826 962 916 1015 σώματος.
932 977 949 1002 υ,

68 1038 101 1076 39.
117 1031 212 1086 όδιοιγνός
220 1029 291 1085 μήτραν
300 1026 382 1073 έκάστων
398 1032 472 1082 (Exod.
482 1033 519 1073 13.
534 1033 567 1083 2.)
585 1056 609 1062 —
626 1035 659 1072 τοῦ
668 1047 690 1072 τε
699 1030 754 1084 λόγου
766 1031 811 1085 πρός
821 1031 856 1079 τάς
868 1032 899 1073 διά
912 1048 949 1086 ρω-

68 1107 102 1155 νής
110 1104 199 1156 ἐνεργείας
208 1102 267 1152 (opp.
275 1105 326 1153 νοῦς,
342 1098 436 1154 οίίσθησις,
452 1101 519 1154 σῶμα)
535 1100 615 1155 ἀόρατος
628 1116 645 1141 κ.
654 1100 781 1154 σπερματικὸς
788 1103 821 1142 καὶ
829 1101 909 1153 τεχνικός
917 1103 950 1141 καί

68 1170 113 1220 θεῖός
122 1173 161 1212 ε’στι
169 1169 226 1223 λόγος.
256 1172 308 1220 490,
323 1173 357 1212 36.
372 1170 424 1223 λόγον
434 1168 537 1222 ἀγωνιστήν
546 1170 580 1209 καὶ
589 1173 667 1220 τέλειον,
684 1168 746 1210 ἱκανόν
760 1172 792 1222 μὲν
806 1170 832 1211 τά
842 1173 949 1224 σοφίσματα

68 1246 103 1282 τῶν
116 1238 256 1288 ἀντιδοξοόντων
271 1237 368 1291 ἀνατεμεῖν
380 1254 401 1278 τε
413 1239 447 1278 καὶ
459 1237 524 1288 λίσαι,
539 1237 601 1278 ἱκανὸν
610 1240 631 1278 δὲ
641 1241 674 1279 καὶ
683 1238 790 1292 ἀσφάλειαν
800 1239 843 1292 ὁμοῦ
854 1242 887 1280 καί
898 1238 948 1279 τόκο-

68 1313 123 1364 σμίαν
132 1313 157 1364 τῷ
166 1311 375 1364 χρωμένῳπεριποιήσαι
389 1321 435 1359 opp.
446 1307 507 1362 ψυχήν
522 1309 551 1358 (ν.
563 1308 611 1359 85.)
630 1309 712 1360 αἴσθησιν
728 1311 759 1359 (ν’.
770 1310 819 1359 40.)
833 1315 844 1348 i.
856 1324 871 1348 e.
881 1312 948 1348 instru-

68 1387 108 1419 ctus
117 1380 224 1418 dialecticae
234 1384 253 1415 et
261 1378 367 1415 rhetoricae
374 1379 415 1415 telis
427 1380 521 1428 armisque
529 1379 639 1417 intellectus.
655 1381 704 1428 491,
715 1381 747 1420 15.
757 1383 778 1429 2,
789 1382 838 1429 660,
843 1382 861 1420 7.
876 1381 946 1433 ίερα-

67 1447 219 1502 παρακαταθήκη
230 1445 292 1501 ψυχή,
308 1448 403 1498 αἴσθησις,
418 1444 483 1498 λόγος,
499 1449 538 1487 θεία
551 1450 618 1500 σορία,
634 1446 737 1502 ἀνθρωπίνη
746 1447 845 1502 ἐπιστήμη.
859 1462 875 1488 v.
885 1452 917 1490 31.
931 1463 947 1487 τ.

68 1517 128 1573 ψυχήν
139 1540 163 1547 -
174 1533 191 1557 τ.
201 1517 283 1568 αἴσθησιν
294 1538 318 1546 ν-
328 1515 359 1556 τόν
368 1517 389 1555 δὲ
398 1514 452 1567 λόγον
468 1518 536 1562 (διεῶε
548 1519 616 1568 μέσον)
632 1518 657 1564 είς
665 1515 744 1569 τάληθές
751 1534 772 1559 τε
780 1520 813 1559 καὶ
825 1520 899 1572 ψεῦδος,
912 1520 922 1556 i.
932 1531 948 1556 e.

68 1589 175 1626 facultatem
183 1587 222 1624 veri
232 1586 298 1623 ctfelsi
308 1584 427 1623 diiudicandi.
457 1585 509 1635 504,
525 1589 558 1626 32.
574 1585 624 1638 ψυχὴ
634 1586 721 1641 τριμερής
729 1592 776 1638 ἐστι,
791 1590 833 1640 δίχα
840 1589 859 1627 δὲ
870 1589 947 1643 &moteja

69 1674 85 1697 τ.
96 1660 152 1711 μερῶν
166 1654 189 1702 ῶς
200 1655 269 1706 ἐδείχθη
290 1654 353 1703 (491,
366 1650 403 1694 55.
419 1654 469 1704 562,
485 1656 534 1704 26.)
549 1658 645 1706 τέμνεται,
660 1661 725 1709 μοιρῶν
733 1659 753 1697 δὲ
761 1660 858 1709 γενομένων
870 1656 890 1704 ἕξ
900 1658 949 1707 ’έβδο-

69 1741 102 1780 μσς
111 1724 184 1773 εἰκότως
192 1721 259 1776 τομείνς
268 1718 291 1775 ήν
300 1720 404 1763 ἀπάντωνό
417 1720 463 1774 ίερός
471 1723 503 1761 καὶ
512 1725 556 1769 θεῖος
573 1721 635 1775 λόγος,
649 1726 687 1764 scil.
698 1726 794 1763 edmundi
803 1725 948 1772 similitudinem,

69 1810 114 1847 opp.
122 1794 209 1847 όίσχιστος
218 1797 265 1840 νοῦς.
280 1793 338 1843 (505,
346 1794 379 1832 38.
385 1805 412 1840 sq.
422 1791 470 1840 508,
482 1794 500 1831 8.
507 1793 555 1842 seq.)
565 1792 652 1843 5952&
668 1792 829 1847 ἀλόγουδυνάμεις
839 1793 894 1834 έπτά’
903 1792 948 1846 γονή

67 1866 131 1905 τεκαὶ
142 1862 192 1919 φωνή
202 1863 235 1903 καὶ
245 1864 299 1902 πέντε
310 1857 406 1910 αἰσθήσεις.
422 1859 474 1909 500,
491 1861 523 1900 18.
538 1877 555 1901 τ,
565 1861 613 1902 έπτά
624 1865 726 1917 θυγατέρων
737 1862 800 1905 αὐτοῦ.
816 1866 863 1913 516,
879 1865 912 1903 46.
927 1862 950 1901 τό

69 1937 152 1988 μέγιστον
164 1929 232 1983 ἀγαθὸν
243 1927 329 1982 ἀνθρώπῳ
339 1928 417 1980 δωρηθὲν
426 1925 461 1968 ὑπό
477 1927 549 1982 φύσεως
559 1929 613 1984 λόγον
632 1931 692 1987 μύριοι
705 1948 721 1973 τ.
739 1932 828 1985 λαβόντων
841 1935 950 1986 διέφθειραν,

69 2004 107 2043 scii.
115 2003 131 2043 οἱ
138 1998 223 2048 κόλακες,
234 2000 250 2038 οἱ
260 1996 332 2050 γόητες,
348 1997 364 2036 οἱ
372 1999 450 2037 πιθανῶν
463 1998 583 2052 σοφισμάτων
594 2000 672 2056 εὑρεταὶ.
692 2005 739 2053 321,
750 2006 782 2044 30.
797 2001 843 2057 πρὸς
853 2003 949 2055 ἑρμηνείαν

68 2071 180 2125 γυμνάσασα
190 2067 220 2108 τόν
230 2066 283 2119 λόγον
299 2067 307 2118 (
312 2065 325 2120 ή
331 2066 433 2121 ῥητορική)
447 2069 481 2109 καί
489 2069 635 2123 συγκροτήσασα
643 2071 714 2125 λογικόν
723 2070 779 2119 όντως
788 2071 882 2120 ἀποδείξει
891 2087 909 2112 τ.
919 2070 949 2110 ἀν-

69 2145 142 2195 θρωπον.
170 2139 221 2188 533,
237 2140 270 2179 38.
286 2137 370 2188 αἴσθησις
383 2160 411 2166 -
427 2137 481 2190 λόγος
499 2161 523 2167 -
540 2143 597 2187 vote.
608 2155 624 2181 v.
635 2144 668 2181 44.
687 2143 704 2180 έν
719 2137 762 2193 ήμῖν
770 2143 816 2196 τρία
831 2146 891 2197 μέτρα
905 2141 949 2182 εἶναι

68 2214 132 2265 δοκεῖ·1
141 2209 230 2261 αἴσθησις,
244 2205 303 2258 λόγος,
318 2209 365 2251 νοῦς.
377 2227 405 2234 -
416 2205 510 2258 ὀνομάτων
522 2209 556 2248 καὶ
565 2210 651 2262 ῥημάτων
660 2211 692 2250 καὶ
705 2213 741 2250 τῶν
752 2216 853 2266 λεγομένων
868 2212 877 2254 ό
891 2213 947 2266 λόγος,

69 2282 137 2331 νοητῶν
146 2280 167 2318 δὲ
176 2281 225 2326 νοῦς,
232 2300 260 2306 -
271 2276 319 2324 586,
335 2276 369 2314 31.
380 2277 414 2315 36.
426 2289 453 2324 sq.
464 2276 633 2331 αἴσθησιςλόγσς,
646 2284 692 2327 νοῦς.
702 2283 790 2323 πέπτωκε
797 2286 818 2324 δὲ
829 2282 878 2324 καὶὸ
889 2283 946 2335 λόγος,

70 2349 180 2404 ἑρμηνεῦσαί
191 2361 213 2387 ,τι
226 2361 243 2385 τ.
255 2344 310 2385 όντων
325 2341 430 2392 ἀδυνατῶν,
452 2345 467 2383 εἰ
481 2342 507 2395 μή
523 2347 617 2396 διανοίξας
630 2348 639 2389 ό
652 2348 673 2389 τό
691 2351 806 2407 φωνητήριον
824 2353 896 2406 όργανον
911 2367 947 2392 κα-

69 2414 185 2462 τεσκευακῶς
194 2414 228 2454 καὶ
235 2411 361 2467 ἁρμοσάμενος
372 2410 434 2464 πλήξη
444 2411 488 2459 τούς
497 2413 586 2468 φθόγγους
596 2423 691 2470 μουσικῶς,
722 2423 771 2473 624,
787 2424 817 2461 14.
832 2424 914 2475 τέτταρα
923 2424 949 2463 τά

71 2485 158 2530 ἀνωτάτω
174 2487 210 2525 τῶν
220 2483 261 2536 περὶ
274 2480 326 2535 ήμάς
339 2485 377 2522 ἐστι
387 2486 453 2536 σῶμα,
467 2483 561 2535 αἴσθησις,
577 2485 640 2539 λόγος,
659 2493 706 2538 νοῦς.
726 2505 765 2542 εχιτ,
780 2488 828 2543 ρωνή
858 2482 890 2540 (v.
907 2492 948 2538 38.)

70 2549 153 2613 ἔναρθρος
165 2552 215 2609 φωνή
230 2554 257 2605 (v.
272 2554 305 2593 46.
311 2553 327 2603 ),
347 2552 380 2601 qui
391 2558 496 2603 postremus
508 2554 561 2592 locus
574 2558 669 2605 quandam
684 2562 736 2611 quasi
750 2572 839 2598 summam
853 2560 947 2600 doctrinae
