2219 3048
929 137 957 175 35

162 254 183 304 1)
203 252 232 289 ec
242 251 324 302 primurn
336 252 416 303 quidem,
432 253 452 301 si,
468 265 517 302 quae
530 251 553 288 ait
565 252 598 289 τοῦ
611 249 718 301 θείουλωγου
731 252 757 288 νῦν
768 255 787 288 et
801 255 876 299 natura,
895 265 955 303 quae·
974 297 976 304 ,

75 324 130 371 nitur,
146 333 210 360 verum
223 326 262 370 est,
277 322 316 373 ejus
329 336 420 373 nusquam
433 322 485 373 apud
497 320 684 369 nostrumquamris
696 321 740 358 alias
754 317 820 374 ὁρικῶς
830 321 903 360 ἕκαστα
913 336 955 362 m„

75 397 114 432 πεῖν
127 393 184 442 (297,
199 391 242 441 27.)
263 394 387 441 consueverit,
410 403 469 442 quum
481 389 538 440 ipsius
549 390 585 428 Dei
592 389 643 427 nulla
654 390 715 439 possit
727 403 767 446 esse
782 390 872 438 definitio,
890 389 953 440 (580,

75 463 118 513 36.)
133 467 203 500 certam
218 460 297 511 aliquam
310 464 438 501 definitionem
454 459 539 508 iuncturi,
555 459 590 498 sed
601 460 617 497 si
629 459 703 509 singula
717 457 757 509 ejus
770 460 857 498 attributa
870 473 907 506 una
920 473 954 498 co-

75 530 164 581 gitatione
178 530 362 581 comprehendimus,
384 545 422 570 non
437 531 497 570 minus
511 542 577 567 verum
591 532 628 577 est,
649 541 689 566 esse
704 528 742 565 uim
755 527 837 565 <tunam
849 530 867 566 in
882 530 953 568 ratione

74 599 156 649 positam
166 602 185 636 et
197 600 290 638 universae
302 606 380 639 naturae
393 602 454 638 animo
465 604 522 648 atquae
538 604 610 647 mente,
634 598 707 636 (livinae
724 598 791 635 mentis
807 598 899 635 fusionem
911 600 954 636 uui-

76 681 157 717 veraam,
178 671 199 704 ut
213 668 314 720 Chrysippi
325 671 386 708 verbis
403 674 445 706 utar
457 653 512 718 apud⁴
520 667 630 705 Ciceronem
643 669 666 705 N.
675 668 698 706 D.
715 668 733 717 1,
750 666 783 717 15,
799 669 832 708 39.
848 665 879 707 τὸν
888 668 954 719 γυμνὸν

74 739 107 778 nai
122 736 214 778 οἰνένῦοτον
228 736 300 790 σώματι
315 742 356 778 νοῦν
373 735 443 784 πολλὰς
454 738 519 788 ἔχοντα
531 734 623 787 δυνάμεις,
641 737 687 787 (71,
704 740 721 776 1.
742 736 776 786 74,
791 737 835 784 40.)
855 735 890 787 τήν
905 738 954 777 ἰδέαν

74 811 106 847 τοῦ
117 804 178 860 λόγου,
194 819 226 845 seu
238 806 258 848 τί
272 806 318 848 αῦτὸ
327 810 383 848 τοῦτο
396 804 468 858 λογικὸν
485 799 507 844 οῦ
518 802 570 844 κατὰ
584 803 660 856 μετοχὴν
673 804 699 865 τοί
711 805 740 845 ἐντί
750 808 815 859 μέρους
831 804 898 858 λογικοὶ
912 804 954 846 οἰνό-

74 890 151 929 μοιστοιι,
169 875 208 925 [01.
221 879 260 927 47,
277 877 324 927 38.)
340 889 373 915 seu
382 873 413 915 τὸν
422 872 462 915 καθ’
472 873 514 914 ὅλου
527 872 580 926 λόγον
597 874 633 924 (cf.
641 873 678 923 59,
693 874 735 923 25.)
751 888 795 926 opp.
804 874 835 915 τὸν
849 877 878 915 ἐντί
888 879 954 930 μέρους

74 959 128 984 sensu
145 945 195 983 vocis
208 947 314 995 Platonico,
334 944 365 985 τὸν
383 947 418 996 τῆς
433 942 503 997 φύσεως
519 941 582 994 λόγον,
603 940 663 994 ἀληθῆ
678 943 711 982 καί
722 943 821 994 δηλωτικὸν
834 943 907 985 ronow
924 946 955 995 (2,

75 1014 122 1065 154,
137 1016 188 1066 36),
202 1017 313 1067 principium
321 1014 382 1052 ideale
395 1014 466 1064 pariter
476 1026 498 1050 ac
510 1014 561 1051 reale
575 1012 644 1051 mnndi.
663 1012 697 1062 (cf.
710 1010 745 1061 51,
760 1012 793 1054 53.
808 1012 829 1052 τὸ
846 1013 917 1066 λογυιὸν
931 1015 952 1055 τὸ

73 1084 160 1138 ἄρχοντε
172 1082 204 1123 καί
217 1084 325 1134 βασιλεῦον),
354 1085 441 1133 Namque
453 1085 495 1128 νοῦς
506 1082 539 1122 καὶ
552 1080 614 1134 λόγος,
634 1081 796 1132 quemadmodum
810 1083 830 1120 in
844 1085 954 1122 nataraho-

72 1154 135 1201 minis,
150 1153 188 1202 qni·
197 1156 225 1189 est
238 1150 247 1191 ὁ
259 1151 327 1205 βραχὺς
337 1150 405 1205 κόσμος
418 1153 461 1201 (19,
476 1153 508 1191 47.
527 1153 576 1202 236,
591 1154 624 1192 23.
639 1153 688 1201 334,
703 1154 723 1192 3.
738 1155 759 1202 2,
775 1154 824 1201 608,
834 1151 862 1202 5.)
878 1158 896 1190 et
907 1155 954 1200 612,

73 1221 106 1263 35.
121 1224 141 1271 2,
156 1219 204 1270 225,
223 1223 256 1261 26.
278 1219 345 1269 εἰκόνος
363 1222 412 1267 θείας
427 1221 521 1272 ἐκμαγεῖον
537 1222 622 1273 ἐμφερές,
641 1221 667 1257 ita
680 1212 699 1257 in
711 1221 798 1258 universa
811 1234 874 1258 rerum
888 1227 953 1259 natura

72 1292 154 1329 interae
169 1295 300 1340 comparantur
316 1294 335 1326 et
348 1289 471 1340 proportione
486 1289 628 1339 conjunguntur.
644 1290 686 1339 (16,
702 1289 721 1329 5.
736 1303 764 1339 sq·
779 1289 828 1339 465,
842 1289 886 1341 25.)
900 1290 952 1329 Deus

73 1358 121 1395 enim
140 1362 168 1395 eet
184 1370 222 1395 non
239 1358 298 1395 anima
316 1358 347 1395 illa
363 1358 439 1406 quictem
454 1359 518 1395 mundi
537 1358 600 1407 (464,
617 1359 648 1398 14.
669 1360 719 1409 28),
734 1357 874 1397 sedunirersae
889 1373 953 1398 rerum

72 1432 148 1474 naturae
158 1439 211 1465 mens
224 1424 240 1477 (ὁ
251 1442 270 1466 τ.
286 1425 331 1466 ὅλων
343 1429 389 1472 νοῦς.
405 1430 425 1475 2,
440 1428 527 1477 2716,
542 1430 561 1467 2.
578 1429 626 1477 437,
643 1429 675 1466 11.
694 1429 747 1475 466,
762 1429 796 1466 30.
812 1427 853 1474 36.)
872 1433 891 1465 et
904 1430 953 1477 612,

72 1497 105 1536 34.
120 1492 132 1546 ἡ
145 1499 177 1535 τοῦ
190 1495 259 1542 παντὸς
271 1493 330 1549 ψυχή,
350 1499 369 1532 ot
382 1496 429 1532 intra
441 1496 506 1533 numdi
525 1508 639 1546 compagem
652 1507 691 1532 non
706 1494 841 1546 comprehensa
861 1496 919 1547 (229,
935 1501 953 1538 4.

72 1563 105 1611 ἔξω
118 1567 150 1604 τοῦ
162 1567 328 1618 δημιουργηθέντος.
345 1566 399 1612 466,
418 1565 473 1614 30),
491 1562 546 1615 λόγος
559 1570 621 1601 autem
641 1562 650 1603 ὁ
665 1566 683 1604 ἐν
695 1566 721 1617 τῷ
732 1563 801 1612 παντὶ,
813 1561 833 1612 ὅ,
848 1578 869 1603 τε
881 1566 922 1618 περί
935 1581 952 1606 τ.

72 1630 175 1686 ἀσωμάτων
187 1648 204 1673 ιι.
217 1636 390 1687 παραδειγματικῶν
403 1634 454 1672 ἰδεῶν
471 1632 491 1680 ἐξ
501 1628 524 1673 οἷν
539 1631 548 1679 ὁ
561 1631 625 1683 νοητὸς
640 1631 700 1684 ἐτοίγη
714 1630 782 1684 κόσμος
793 1630 848 1672 καὶὸ
863 1634 953 1686 περὶτῶν

72 1700 152 1755 ὁρατῶν,
174 1700 221 1754 ἄδι)
235 1700 335 1754 μιμήματα
347 1716 365 1741 ιι.
379 1699 531 1752 οίτεικονίσμοιτοί.
546 1716 562 1740 τ.
579 1702 629 1740 ἰδοῦν
645 1702 715 1740 ἐκείνων
730 1700 778 1739 ἐστίν
798 1696 853 1748 ἰξῦν
869 1700 953 1756 ὁοίσθη-

71 1770 103 1817 τὸς
114 1766 166 1818 οὗτος
180 1769 290 1811 οἰτετολείτο.
309 1774 328 1820 2,
345 1768 392 1819 154,
408 1771 508 1810 19-24,
527 1769 593 1818 Itaque
606 1770 652 1807 sicut
663 1770 682 1807 in
696 1770 749 1807 nobis
763 1767 819 1821 λῦγου
831 1772 873 1817 νοῦς
885 1768 952 1823 ῦτοβο-

71 1837 113 1887 λεῦς
125 1842 181 1890 (448,
196 1843 230 1880 47.
245 1839 278 1889 51,
295 1840 341 1889 16),
357 1839 383 1875 ita
390 1840 487 1876 universae
494 1851 557 1876 rerum
570 1843 647 1876 naturae
659 1852 712 1876 mens
725 1844 783 1888 atque
798 1839 877 1888 animus,
894 1837 904 1879 ὁ
917 1844 953 1893 τῆς

71 1906 142 1960 φύσεως
153 1906 216 1959 λόγος,
232 1920 255 1944 ox
269 1907 329 1944 divino
342 1908 394 1944 fonte
404 1908 527 1958 promanavit.
558 1907 688 1954 Quamobrem
699 1908 751 1946 Deus
764 1908 830 1944 dicitur
841 1904 854 1958 ἡ
866 1909 952 1962 λογιιοὴ

71 1974 142 2030 πηγή,
157 1975 207 2013 unde
220 1975 311 2024 quidquid
318 1977 390 2027 uspiam
403 1982 432 2015 ost
443 1978 523 2025 rationis,
538 1982 628 2027 tanquam
640 1991 651 2015 a
663 1977 729 2027 capite,
744 1975 841 2013 derivetur.
854 1977 892 2015 uid.
905 1981 952 2029 182,

73 2049 105 2087 16.
120 2047 167 2095 209,
182 2045 216 2085 21.
230 2047 279 2094 238,
294 2047 327 2084 20.
343 2046 391 2096 317,
407 2049 425 2087 6.
441 2048 489 2096 443,
504 2048 538 2086 26.
553 2046 602 2097 575,
618 2049 651 2088 42.
671 2048 717 2094 638,
733 2046 765 2084 19.
784 2057 899 2096 quamquam
916 2051 952 2100 τῆς

31 2163 33 2166 .
71 2119 146 2168 λογικῆς
159 2112 266 2167 (δυνάμεως)
282 2111 302 2153 οῦ
314 2117 371 2166 μετέ
375 2130 409 2167 χει
417 2116 438 2166 *)
448 2116 486 2167 μὲν,
500 2114 552 2169 ἄρχοι
563 2118 584 2156 δὲ
598 2113 607 2156 ὃ
619 2115 666 2166 θεὸς,
685 2112 697 2165 ἡ
710 2116 742 2153 τοῦ
756 2113 883 2167 πρεσβυτάτου
897 2115 951 2170 λόγου

71 2183 128 2237 πηγή.
146 2186 198 2234 207,
215 2185 246 2223 18.
266 2183 289 2222 cf.
305 2185 342 2234 71,
363 2185 395 2224 14.
416 2186 487 2235 quippe
505 2185 537 2235 qni
553 2198 565 2222 a
580 2186 646 2224 ceteris
661 2185 717 2222 rebus
732 2184 817 2222 omnibus
830 2189 950 2237 totogenerc

72 2301 187 2310 ..u—aq·—

118 2368 137 2416 *)
160 2369 228 2403 Acmon.
240 2374 304 2415 p.332.
317 2370 498 2406 Distinctaestnnitas
510 2372 530 2404 ab
543 2384 582 2405 uno.
597 2391 619 2398 —
644 2372 711 2411 Quare?
732 2373 815 2413 Quoniam
827 2383 879 2404 unum
896 2379 952 2416 potest

143 2432 159 2459 et
171 2425 261 2459 multorum
275 2430 395 2471 perfectionem
406 2429 490 2473 recipere,
507 2433 527 2460 nt
537 2434 639 2469 armentum,
652 2427 724 2473 chorus,
737 2440 785 2472 gens,
801 2428 890 2469 exercitus,
908 2430 952 2463 civi-

142 2490 172 2524 tae,
186 2496 256 2526 quornm
265 2488 397 2532 unumquodque
405 2497 456 2525 unum
464 2491 496 2527 est,
509 2485 565 2518 unitas
572 2490 626 2517 autem
636 2495 670 2517 non
679 2489 704 2516 est
713 2496 734 2517 ex
744 2484 856 2527 multitudine,
870 2486 909 2529 quia
917 2487 951 2520 im-

142 2541 196 2576 munis
205 2546 229 2574 est
236 2547 252 2575 et
260 2553 318 2586 expers
327 2543 460 2588 participationis
473 2547 489 2576 et
497 2542 606 2587 inconjuncta
618 2547 643 2574 est
653 2547 725 2586 propter
733 2541 844 2576 solitudinem.
856 2539 950 2587 (μόνωσιν.)

682 2606 721 2647 5*
