2219 3048
102 281 207 330 acutissima.
237 278 287 314 Nam
298 276 368 314 etiamsi
377 276 422 314 nihil
435 289 517 326 unquam
528 277 588 327 majus
596 276 624 313 his
633 277 698 325 terris,
713 278 757 316 nihil
766 274 859 331 pulcriusj
874 281 920 321 nihil
927 295 985 334 prae-

101 350 181 388 stabilius
192 337 258 384 ‘divino
272 358 348 402 uruuere
363 346 426 384 (tartum
438 353 495 397 atque
509 358 617 384 concessum
631 351 658 382 cst
668 347 765 397 evangelio
775 349 821 388 desu
833 351 911 401 Christi,
932 352 984 402 quod

102 410 176 462 coelesti
185 416 264 454 'numine
278 428 320 452 cunr
335 428 405 466 genere
419 415 502 459 humano
518 415 675 453 communicatum
687 428 737 462 esse,
758 418 892 459 cordatissimus
905 422 983 472 quisque

99 489 131 538 pio
140 492 233 540 gratoque
243 486 298 522 animi
306 498 360 523 sensu
369 486 477 536 profitetur,
493 498 549 523 uerrro
559 491 621 523 tamen
630 485 674 522 dicti
684 485 732 523 illius
744 485 824 525 Paulini:
839 491 901 543 ἔχομεν
910 489 942 531 τὸν
953 495 983 544 tq.

100 555 238 611 σαυρὸντοῦτον
247 556 264 594 ἐν
274 552 388 608 ὀστρακίνοις
396 553 479 596 σκεύεσιν
489 556 537 593 adeo
547 556 581 593 erit
589 556 699 604 immemor,
714 559 735 592 ut
749 555 811 593 dicere
824 558 900 608 audeat,
915 560 983 598 huma-

59 678 62 680 Δ
99 639 131 664 nas
141 626 195 663 etiam
205 623 229 661 (le
240 626 295 662 rebus
307 625 371 662 (lirinis
380 626 484 676 opiniones,
502 639 550 675 quae
567 626 674 676 theologiae
687 625 762 663 nomine
774 626 860 675 veniunt,
880 629 982 679 quibusque

99 694 185 732 ateneris
194 694 259 731 imbuti
269 700 321 732 eraut
334 699 353 731 ct
363 695 443 731 irnmtriti
458 695 538 744 apostoli
546 696 641 744 ceterique
649 695 696 733 «lesu
706 696 812 745 aequales‚=
822 684 923 746 ipsumque
935 699 982 736 adeo

99 764 184 802 orationis
198 776 266 813 genus,
286 776 323 813 quo
337 764 384 800 sacri
399 763 497 814 scriptores
511 764 538 801 usi
547 768 602 810 Ysrrnt,
616 764 634 799 in
645 764 695 801 lumc
704 777 779 802 censum
789 765 864 802 cadere.
896 766 953 812 Quod
968 769 982 804 si

98 846 162 871 verum
171 838 199 869 est
208 845 230 869 ac
240 833 264 881 si,
280 845 317 882 quo
328 833 385 870 semel
397 837 425 869 est
435 833 506 869 inrbrrta
514 845 591 880 recens,
607 832 686 869 servabit
695 834 771 871 odorem
784 839 832 885 testa
843 834 885 884 diu,
905 835 945 884 quis
956 842 984 873 est

97 903 204 952 theologiae
217 902 332 940 Christianae
345 903 457 960 intelligeus,
478 903 522 952 quin
534 902 574 952 ipsc
588 901 622 939 sibi
634 901 713 950 orbique
722 902 824 940 Christiano
833 904 981 954 congratuletur,

96 971 178 1009 Philonis
188 985 228 1009 esse
236 973 361 1023 theologiam,
381 985 429 1022 quam
452 969 655 1021 alibrissapocryphis
672 970 744 1007 Veteris
754 970 867 1009 Testamenti
883 974 981 1011 transitum

96 1037 185 1092 paret'ad
194 1042 244 1079 Nori
251 1042 341 1080 foederis
351 1042 418 1091 libros,
434 1054 482 1090 quae
490 1054 526 1078 una
537 1054 580 1078 cum
588 1039 694 1077 notionibus
704 1052 768 1077 rerum
777 1039 889 1088 divinarum,
908 1055 980 1092 aequa-

95 1111 139 1148 lium
155 1109 201 1147 Jesu
211 1112 302 1162 propriis,
327 1111 393 1161 quihus
405 1112 506 1148 continuari
523 1110 627 1147 doctrinam
645 1108 770 1147 Christianam
785 1114 868 1159 constat,
892 1112 980 1150 orationis

95 1181 132 1217 vim
146 1167 168 1217 et
176 1185 260 1217 naturam
271 1181 398 1229 apostolorum
411 1192 433 1216 eo
444 1181 516 1229 planius
528 1179 610 1227 aperiat,
630 1190 667 1227 quo
681 1178 760 1228 propius
777 1177 876 1216 Philonem
898 1181 922 1217 ab
935 1182 980 1232 ipsis
1006 1185 1008 1189 ⁴

95 1249 186 1301 evangelii
196 1248 287 1286 natalibus
296 1249 362 1287 abesse
371 1249 466 1297 videmus,
482 1260 530 1297 quae
539 1246 619 1296 denique
628 1247 690 1296 faciat,
705 1252 726 1284 ut
735 1247 798 1284 divina
807 1248 856 1285 Novi
865 1249 980 1289 Testamenti

94 1319 180 1367 oracula,
195 1318 256 1369 probe
264 1318 361 1356 intellectis
370 1318 445 1355 dicendi
452 1318 546 1365 formulis,
566 1308 600 1352 rite
609 1315 682 1366 possint
692 1317 730 1354 erui
740 1317 864 1366 sordibusque
874 1327 979 1370 expurgata

94 1400 127 1425 suo
139 1388 207 1424 lumine
216 1387 330 1438 splendere?
360 1386 411 1433 Quid
421 1385 495 1435 quodsi
507 1386 589 1434 aliquam
597 1385 650 1422 nobis
664 1385 731 1423 alicubi
746 1399 800 1436 spem
811 1387 889 1424 fortuna·
895 1402 978 1427 reserva-

93 1458 124 1505 vit,
139 1470 196 1508 posse
205 1469 249 1493 vero
258 1457 285 1493 rei
296 1456 411 1493 Christianae
421 1464 458 1492 non
468 1460 556 1504 tanquam
565 1457 632 1504 reqrcd
641 1468 699 1501 rtr033
715 1467 779 1491 earum
789 1456 838 1492 enim
847 1468 914 1504 rerum,
930 1472 978 1507 quam

92 1526 202 1563 solamente
213 1525 407 1576 comprehenduntur,
423 1525 512 1561 coelestia
522 1536 562 1561 esse
573 1524 643 1561 semina
652 1528 734 1569 coustat;
750 1525 784 1562 scd
796 1530 884 1575 tanquam
893 1531 976 1579 partious,

91 1609 121 1634 sou
129 1595 232 1645 primordia
240 1595 328 1633 historiae
337 1595 379 1632 luce
389 1593 506 1642 collustrata,
522 1592 654 1641 demonstrari,
670 1606 707 1644 ego
717 1594 816 1643 eqrriderrr⁷
831 1601 919 1644 quantrrm
929 1610 975 1634 con-

88 1665 162 1714 jectura
172 1676 265 1715 auguror,
280 1677 318 1701 uon
327 1664 418 1714 despero,
433 1663 474 1700 fore
484 1663 528 1700 olim
535 1667 616 1712 tempus,
632 1675 689 1712 quum
698 1663 801 1714 intelligant
810 1663 908 1701 Christiani
917 1665 974 1704 theo-

90 1735 138 1785 logi,
153 1733 287 1771 Prometheum
300 1724 392 1784 euangelii
401 1733 464 1783 ignem
477 1731 552 1769 aliunde
561 1744 655 1780 nunquam
665 1732 699 1768 nisi
712 1744 735 1769 eu
742 1731 863 1769 disseminatis
872 1734 974 1785 allegoria-

89 1815 131 1840 rum
145 1815 240 1855 sacrarum
252 1815 288 1853 per
301 1814 408 1852 synagogas
422 1801 537 1838 Jrulaeorum
553 1800 634 1837 scintillis
648 1800 750 1837 emicuisse.
779 1800 818 1837 Sed
831 1803 914 1850 quamvis
931 1805 974 1852 sint,

89 1885 168 1921 quoram
173 1872 246 1923 judicio
254 1872 302 1909 haec
310 1872 350 1909 talis
363 1883 416 1920 spes,
432 1870 446 1905 si
456 1881 492 1906 110ss
504 1869 561 1919 impia
572 1875 591 1906 et
600 1870 680 1918 nefaria,
693 1874 712 1906 at
720 1870 771 1906 vanis
782 1871 893 1917 somniorum
904 1874 974 1924 imagi-

88 1941 142 1978 nibus
151 1941 292 1978 adnumeranda
301 1953 341 1977 esse
348 1939 442 1983 rideatur„
457 1937 503 1975 illud
513 1943 564 1975 certe
572 1940 637 1989 negari
646 1951 683 1976 non
691 1942 762 1989 potest,
777 1937 802 1975 ad
809 1939 898 1977 historiae
910 1942 973 1979 eccle-

88 2010 170 2046 siasticae
188 2009 294 2045 interiorem
306 2008 389 2045 notitiam
402 2020 412 2044 e
427 2007 510 2045 Philonis
520 2007 619 2059 theologia
628 2008 690 2045 multis
700 2008 801 2045 nominibus
810 2009 891 2045 nrultum
899 2012 971 2060 profici.

87 2078 142 2115 Nihil
149 2077 197 2114 enim
208 2076 270 2114 dicam
280 2077 305 2114 tle
314 2078 412 2129 theologia
420 2082 439 2114 et
448 2077 574 2128 Christologia
581 2078 658 2115 Patrum
666 2077 753 2115 ecclesiae
761 2078 839 2127 veteris,
854 2078 901 2116 nihil
910 2079 933 2117 tle
942 2081 971 2118 ia-

88 2147 201 2198 terpretandi
209 2148 281 2185 ratione
290 2140 403 2198 allegorica,
427 2160 485 2196 quam
497 2160 521 2185 ex
528 2147 620 2185 Philoueo
630 2148 681 2185 fonte
689 2146 776 2183 latissime
788 2153 915 2199 propagatam
930 2163 970 2187 esse

87 2222 168 2262 constat3
187 2229 223 2254 une
236 2217 275 2254 solo
284 2216 379 2266 defungar
387 2218 473 2267 exemplo
487 2216 583 2254 doctrinae
594 2216 618 2254 de
627 2215 763 2254 contemnendo
773 2228 863 2267 corpore,
882 2218 907 2256 de
922 2219 968 2256 m'tae

86 2286 178 2323 solitariae
188 2287 315 2335 asceticaequc
324 2289 342 2322 et
353 2285 509 2335 contemplativae
520 2287 615 2336 laudibus,
635 2286 658 2322 de
671 2285 759 2331 castitatis
773 2299 796 2323 ac
808 2287 925 2338 virginitatis,
947 2292 968 2324 ut

87 2368 134 2405 quae
145 2356 250 2393 mortalium
258 2357 315 2393 uitam
323 2354 346 2393 ad
356 2354 412 2405 ipsius
420 2354 455 2392 Dei
464 2355 575 2407 religionem
585 2368 607 2393 ac
618 2354 756 2392 sanctimoniam
765 2355 857 2406 adducat,
874 2357 967 2408 dignitate,

86 2438 134 2475 quac
143 2413 218 2473 quidem
228 2425 324 2475 doctrina,
340 2425 372 2462 etsi
380 2425 493 2462 monasticae
504 2427 552 2463 vitae
566 2425 655 2475 originem
666 2422 741 2462 dedisse
750 2430 803 2463 reete
811 2425 887 2474 dicitur,
904 2431 969 2465 tamen

85 2493 232 2543 consumatae,
253 2499 274 2532 ut
281 2496 434 2544 perreceutiores
448 2494 524 2532 demum
533 2494 638 2532 Platonicos
646 2493 666 2530 in
674 2494 773 2532 ecclesiam
782 2495 865 2543 inducta,
885 2499 927 2545 aut,
947 2502 968 2534 ut

85 2564 176 2603 nonnullis
184 2564 252 2614 placet,
261 2564 285 2601 ab
292 2564 336 2614 ipsis
344 2564 393 2603 adeo
400 2563 487 2615 apostolis
495 2564 582 2615 profecta
590 2562 623 2611 sit,
637 2568 659 2601 ut
666 2564 691 2601 ab
700 2564 765 2606 ultima
774 2563 879 2612 antiquitate
886 2564 967 2614 repetito
999 2602 1001 2605 ,

303 2641 304 2644 ,
708 2653 719 2676 a
724 2639 736 2667 *
