2219 3048
43 137 140 188 '12

130 263 167 289 non
178 249 258 286 habeam
270 247 341 292 dicere;
360 258 421 296 neque
430 250 500 283 tantum
510 247 582 296 privata
589 245 672 283 Philonis
681 250 700 281 et
712 245 814 282 domestica
825 251 874 295 erat,
894 246 927 284 sed
940 248 1007 296 partim

131 330 195 357 eorum
206 317 299 367 onmium,
315 316 347 366 qui
357 317 406 354 ultra
414 317 480 366 uulgus
490 327 557 364 sapere
566 315 605 352 ausi
615 319 684 363 essent,
704 315 805 352 communis
817 314 849 351 ilia
859 321 878 352 et
885 317 903 353 in
911 317 1011 364 mysterio-

130 400 172 424 rum
179 386 259 424 tenebris
272 392 412 434 ascetarnmque
421 390 440 422 et
449 383 601 434 tlrerapentarum
609 383 724 420 monasteriis
729 380 748 433 2)
758 384 831 435 latitans
840 389 858 421 et
869 385 950 430 inclusa;
965 398 1010 434 par-
1058 395 1070 398 ’“

130 458 163 494 tim
176 469 211 506 per
225 469 334 507 synagogas
348 455 443 504 ‹livulgata
456 453 591 502 doctorumque
598 452 670 490 Veteris
680 452 795 490 Testamenti
809 453 930 504 interpretum
944 467 977 492 ore
987 468 1009 492 ac

131 525 246 563 sermonibus
255 527 318 577 vigens
326 527 389 573 itaque
398 523 487 561 ecelesiae
495 522 509 559 J
510 521 586 558 udaicae
598 522 684 571 publica3
699 534 760 572 neque
773 527 844 561 tantum
853 536 918 562 recens
931 525 1010 569 inuenta,

131 606 180 631 nova
191 598 251 641 certe,
265 606 311 643 prae
321 606 341 631 se
349 594 392 643 fert,
407 592 440 630 sed
448 590 581 639 antiquissimas
590 590 645 627 etiam
653 590 737 640 priorum
746 591 902 643 philosophorum
912 594 1009 631 sententias

130 664 220 715 plurimas
231 662 370 712 complectitur,
389 674 437 711 quae
448 674 459 698 a
470 660 571 711 majoribus
579 660 657 697 traditae
665 664 684 697 et
692 661 786 699 vetustatis
794 662 884 713 religione
892 668 1009 701 consecratae
1063 689 1067 693 ·

132 734 193 772 multis
205 733 247 783 jam
261 737 303 769 ante
312 731 410 769 Philonem
421 731 499 769 saeculis
513 730 614 767 multorum
628 730 726 767 hominum
737 736 808 769 mentes
820 732 928 782 animosque
942 744 1009 783 regere

113 800 116 803 ’
131 804 270 850 multorumque
283 801 398 850 populorum
411 812 453 837 cum
465 812 526 837 mores
540 804 558 836 et
571 799 660 848 instituta,
679 803 718 836 turn
727 800 811 837 Deorum
822 801 891 838 cultum
904 802 1009 853 gubernare

134 875 275 914 consueuerant3
289 883 351 919 neque
362 871 478 908 Graecorum
487 872 557 905 tantum
565 868 722 919 philosophorum
730 869 799 919 placita
807 875 825 907 et
833 870 910 908 decreta
917 885 951 909 sna
959 871 1008 919 lecit,

95 943 96 946 ’
135 941 186 979 seda
196 938 336 977 Chaldaeorum
346 941 365 977 in
372 939 435 989 primis
447 937 602 987 Judaeorumque
612 939 697 987 antiquae
705 943 724 975 et
732 952 809 976 arcanae
818 941 918 990 sapientiae
928 941 1008 977 auctori-

132 1014 168 1047 tate
178 1009 204 1045 ita
214 1009 295 1058 pendet,
310 1014 338 1055 nt,
353 1008 398 1044 dum
406 1007 573 1059 philosophorum,
588 1008 620 1056 qui
630 1013 673 1045 ante
679 1008 741 1058 ipsum
750 1010 855 1059 floruerant,
870 1010 938 1046 lumina
947 1022 1008 1062 paene

131 1079 194 1116 omnia
204 1079 222 1116 in
231 1091 288 1115 rmum
297 1077 378 1127 colligit,
393 1077 487 1126 quandam
496 1077 548 1126 qnasi
556 1076 644 1114 Varronis
652 1078 810 1128 peplog'raphiarn
823 1079 910 1116 exhibere
917 1078 972 1116 Philo
983 1092 1008 1116 ac
1055 1075 1057 1080 ⁴

132 1149 177 1185 dam
188 1147 262 1184 orientis
274 1146 316 1183 solis
329 1158 370 1184 oras
383 1146 521 1195 occidentisque
530 1147 597 1197 plagas
612 1146 665 1184 simul
678 1146 750 1184 diversa
761 1148 809 1185 facie
817 1148 902 1198 spectat,
923 1148 1007 1185 bifrontis
1017 1188 1019 1192 ,

132 1217 174 1255 Jani
181 1217 237 1255 instar
247 1229 287 1254 esse
294 1216 383 1254 videatur.
413 1212 501 1264 Accedit,
516 1215 568 1264 qnod
580 1228 602 1252 ex
609 1216 647 1252 hoc
655 1215 722 1253 eodem
734 1216 785 1254 fonte
795 1218 888 1254 uberrimo
898 1218 923 1254 ad
932 1217 1007 1255 histori-

131 1298 171 1323 cam
181 1286 234 1322 Novi
250 1286 365 1323 Testamenti
380 1284 550 1335 interpretationem
563 1297 611 1322 nora
624 1285 689 1322 aurilia
703 1286 824 1323 ostenduntur
832 1288 912 1338 plurima
922 1294 940 1327 et
949 1301 1006 1339 prae-

199 1511 240 1548 ιτοτὲ
247 1511 286 1557 περὶ
295 1507 393 1556 α’νθροίττοιν
401 1507 504 1557 ειίγαριστής,
517 1506 539 1554 μή
549 1506 601 1553 μόνον
609 1510 647 1554 ττερί
654 1512 685 1545 τοῦ
692 1510 761 1556 γένους)
774 1502 816 1547 dito
822 1513 851 1548 καί
859 1527 873 1548 τ.
881 1514 931 1549 eidaiv
940 1527 956 1548 υ.
967 1510 1006 1548 atva-

201 1563 305 1614 γιιυιοτολτων
320 1565 419 1612 εὐχαρίστει,
435 1563 511 1612 οἷνλρτῖν,
528 1568 622 1610 γυναικοῖν,
633 1565 729 1612 Ἑλλήνων,
742 1567 839 1617 βαρβάρων,
855 1566 1006 1615 ventositatem,
1048 1599 1050 1601 .

198 1627 232 1659 τῶν
239 1637 252 1658 τ.
262 1623 326 1669 νήσους
333 1620 426 1668 είλήγότων,
438 1627 455 1666 2,
468 1624 508 1661 294,
524 1625 551 1658 10.
564 1635 577 1656 τ,
583 1619 660 1668 α’τταργήν
669 1624 735 1659 καὶτοῦ
742 1625 804 1666 ἔθνους
812 1627 857 1660 ίθίαν
865 1626 894 1661 aad
902 1623 1005 1672 distollunt-

198 1695 226 1722 τος
237 1677 333 1726 ιίνθροίττων
345 1679 404 1726 γένους
414 1675 480 1723 υοινήν.
498 1683 516 1719 2,
529 1680 568 1721 295,
581 1681 610 1716 46.
621 1681 638 1715 τί
645 1679 663 1714 di
672 1683 728 1726 μεῖζον
737 1678 750 1726 ni*
763 1678 889 1729 ὠφελιμώτερον
903 1683 926 1724 είς
938 1679 1005 1728 dodoci-

197 1751 241 1779 πους
251 1738 308 1772 ἐλθεῖν
315 1734 393 1784 (ήθιίνατο
404 1749 417 1771 τ.
426 1737 498 1780 γενιυαίν
507 1736 526 1777 (i.
535 1747 548 1770 e.
556 1732 661 1778 Ἰουδαϊκῶν)
669 1735 737 1783 νόμωνς
753 1736 809 1773 ueruto
822 1736 840 1773 di
852 1737 894 1784 πρός
904 1736 968 1779 πάντας
977 1735 1005 1772 τίν-

198 1794 345 1842 θρωττουςέυεῖνο.
369 1795 435 1827 Arinen.
444 1797 465 1835 2,
477 1795 517 1829 211.
530 1819 541 1835 n
546 1792 588 1825 solet
596 1793 625 1825 uei
636 1800 699 1828 amator
704 1796 750 1828 illico
763 1800 779 1828 et
787 1795 872 1828 hominum
880 1801 943 1829 amator
953 1795 1005 1836 esse,“

199 1852 243 1885 sieut
249 1852 289 1884 alias
299 1847 373 1894 εὐσέβεια
380 1864 395 1885 ν.
404 1849 524 1894 φιλανθρωπία
537 1849 639 1893 conjunctim
648 1856 735 1894 ponuntur
742 1851 760 1884 in
772 1852 858 1895 primariis
867 1852 962 1885 virtutibus.
982 1852 1004 1884 ib.

200 1911 239 1945 235.
256 1908 348 1952 sapientem
359 1898 457 1951 alienigenas
469 1905 517 1938 etiarn
530 1910 546 1937 er
555 1906 616 1938 alienae
628 1913 682 1940 sectae
692 1907 767 1941 homines
776 1897 839 1942 saliare
852 1909 872 1942 cf.
882 1910 921 1945 216.
934 1907 956 1940 ib.
964 1908 1004 1945 472.

199 1964 262 2005 Quibus
269 1965 310 1998 insit
316 1955 399 1997 'mentibus
405 1961 538 2006 cnradignitatis,
550 1964 657 1995 cotraeantse
665 1964 708 2008 ipsas
716 1964 737 1997 de
744 1965 845 2003 detractione
853 1965 922 2004 aliorum
927 1965 1004 2004 Deorum,

197 2026 259 2066 utpote,
267 2021 303 2055 rari
313 2021 360 2059 lintis
369 2021 423 2054 uirtus
433 2033 443 2053 a
455 2018 522 2053 cunctis
530 2017 587 2050 oribus
595 2018 645 2053 laude
657 2021 753 2054 celebretur.
760 2040 784 2047 -
807 2022 831 2054 'Ut
839 2022 882 2054 nihil
891 2021 956 2064 dicam„
971 2021 1004 2053 fra-

196 2084 231 2113 tres
243 2078 276 2111 dici
287 2090 343 2111 omnes
354 2077 429 2110 homines
440 2077 558 2121 servitutisque
569 2088 617 2110 omne
628 2083 712 2121 genuqut
719 2078 801 2111 nefarium
812 2078 878 2123 legique
885 2083 954 2118 naturae
962 2087 1003 2109 con-

195 2136 272 2179 trarium,
282 2134 355 2170 damnari
364 2139 380 2167 et
389 2133 441 2178 rejici.
916 2143 918 2146 ’

174 2201 191 2246 2)
204 2198 340 2251 μονοστήρια
351 2200 420 2245 proprie
430 2204 477 2232 erant
488 2200 624 2245 therapeutarum
637 2200 655 2232 in
669 2199 743 2245 Aegypto
756 2201 851 2245 privatisin
862 2200 929 2237 aedibus
937 2199 1003 2244 privata

197 2259 267 2292 sacraria
277 2264 294 2292 et
303 2257 349 2302 quasi
361 2258 440 2300 quaedam
448 2257 535 2291 sanctioris
544 2257 608 2301 generis
621 2268 687 2299 musea,
705 2257 783 2302 precibus
795 2256 962 2300 meditationibusque
975 2269 1002 2290 sa-

140 2336 141 2339 =
197 2315 229 2347 cris
237 2315 291 2348 (licata
301 2320 317 2347 et
325 2314 410 2349 destinata.
426 2318 447 2357 2,
464 2312 508 2356 476,
524 2315 540 2351 5.
553 2327 566 2348 τ.
581 2312 669 2360 ίξήμίρας
679 2313 730 2361 χωρίς
740 2313 805 2349 ἕκαστον
815 2310 952 2359 μονούμενοι
963 2309 1002 2357 παρ’

198 2372 262 2412 ἑαυτοῖς
267 2372 288 2409 ἐν
295 2376 330 2413 τοῖς
339 2374 411 2416 λεχθεῖσι
421 2372 577 2417 μονοιστιγρίοις
590 2373 709 2415 φιλοσοφοῦσι.
723 2372 744 2404 cr.
753 2375 769 2414 2,
776 2370 815 2414 147,
823 2371 849 2408 15.
861 2370 891 2403 ubi
898 2371 1002 2404 Socraticum
1013 2374 1014 2377 ’

195 2428 238 2463 illud
246 2428 362 2477 Aristophanis
373 2429 433 2469 salibus
445 2427 552 2461 nobilitatum
562 2424 735 2473 φροντιστήριον
749 2428 838 2474 sapientiae
850 2427 936 2462 tribuitur.
959 2426 1001 2462 Item

196 2490 212 2525 2,
224 2487 269 2528 486,
281 2486 298 2520 3.
306 2485 331 2520 dr.
345 2486 379 2520 Καὶ
388 2483 450 2531 preda.
459 2482 516 2529 ev'ng,
532 2486 556 2526 εἰς
564 2484 585 2520 στί
592 2484 654 2521 ἑαυτοῦ
663 2484 730 2526 ἕκαστος
738 2489 830 2531 cepasio
843 2481 955 2531 ἀναχωροῦσι,
969 2480 1001 2520 πτί-

195 2545 221 2577 λιν
230 2556 243 2577 τ.
255 2539 324 2587 συνήθη
332 2543 434 2589 φιλοσοφίαν
443 2539 584 2588 ἒςιττορονσόμενοι
593 2555 608 2578 ιι.
617 2539 745 2588 γεωργήσοντες.
