2219 3048
151 151 166 189 4

152 267 219 304 semine
224 265 266 315 jam
273 263 293 300 in
301 261 384 301 Philonis
391 261 488 315 theologia
497 276 534 301 non
544 263 604 302 solum
614 262 659 300 altas
667 261 739 299 radices
751 261 811 314 egerit
815 262 825 312 ,“
836 262 869 300 sed
880 263 935 300 etiam
946 264 1029 301 surculos

149 333 303 373 monasteriorum
315 333 340 370 ab
355 335 421 372 ascetis
433 333 558 371 habitatorum
568 333 675 370 laetissimos
689 332 773 371 emiserit.
804 325 932 378 Qnid'mirum
943 331 1029 384 denique,

148 396 288 454 philologoram
301 404 467 453 praestantissimos
476 403 520 439 etin
530 402 579 439 orani
587 403 694 451 antiquitate
702 413 741 438 non
751 402 834 440 curiosos
847 394 929 451 tantum,
944 402 978 439 sed
985 414 1029 438 uer-

149 473 247 511 satissimos
256 473 313 521 viros,
329 473 391 522 quales
399 472 436 510 hac
442 477 506 510 nostra
515 472 604 508 memoria
611 471 725 521 Rulmkenii,
740 471 853 521 Vallrenarii,
867 469 1028 521 llsytteuhachiii]

149 542 233 590 fuerunt,
248 542 333 579 Philonis
342 543 458 593 potissimum
467 541 538 590 seriptis
548 552 626 589 operam
633 540 751 590 studiumque
761 541 852 579 navasse?
875 533 930 578 Nam
939 545 959 578 ut
967 540 1028 578 verbis

149 616 191 648 utar
199 611 350 662 Wyttenbachii,
365 611 430 648 summi
440 606 510 660 vi1·i,4)
529 608 595 658 quibus
608 609 638 646 illc
654 622 709 648 suum
720 610 744 648 de
756 609 857 648 Plutarcho
865 601 957 661 judicium
969 622 1028 659 expo·
1081 640 1082 643 η

150 681 196 731 suit,
216 694 266 731 „eos
277 682 350 719 Philoni
363 684 428 716 natura
440 676 532 714 indiderat
543 677 597 715 animi
608 692 684 727 neruos,
701 681 766 730 quibus
780 682 821 731 ipse
835 692 854 716 se
868 678 893 716 ad
903 673 996 730 antiquum
1010 685 1028 716 et

150 764 277 801 „germanum
288 750 378 788 Graeciae
390 748 473 797 spiritum
483 747 568 796 erigeret.
597 748 652 785 Adeo
663 749 708 786 illud
719 748 811 800 tttltqoatr
824 749 925 799 inscriptis
935 749 974 800 eius
984 741 1027 798 'spi-

151 825 205 869 „rat,
220 820 251 856 illa
259 821 317 868 bona,
332 818 479 868 quibusveteres
489 815 572 852 Graecos
584 828 689 854 censemus:
700 817 767 868 judicii
779 821 855 866 sanitas,
871 818 934 855 decori
944 818 1027 855 honesti-

151 901 285 938 „quesensus,
300 887 415 934 humanitas,
434 897 485 922 arnor
497 896 543 934 erga
554 885 613 932 cives,
631 886 761 925 benevolentia
772 901 818 939 erga
828 901 901 935 omnes,
924 888 948 925 de
962 886 1027 924 iisdem

150 957 306 1007 „benemerendi
316 957 396 995 studium
405 954 518 992 indefessum
530 953 634 992 erudiendis
643 954 731 1006 ingeniis,
748 957 850 995 formandis
859 951 960 1005 moribus,
969 956 1027 993 virtu-

150 1026 216 1075 „tibus
230 1026 391 1074 commendandis,
411 1024 457 1062 vitiis
470 1024 565 1073 sanandis,
590 1024 682 1062 erroribus
695 1027 809 1076 expellendis
827 1019 885 1076 atque
901 1024 1026 1075 exstirpandis.

154 1162 269 1170 -.—-—-—

196 1232 211 1279 ⁴³)
225 1235 261 1267 vid.
270 1233 425 1267 animadversiones
434 1232 521 1266 adTimaei
529 1232 596 1265 lexicon
602 1226 716 1276 Platonicum,
729 1233 813 1273 Diatrilren
822 1236 842 1269 de
850 1234 945 1269 Aristobulo
955 1231 1025 1272 Judaeo,

218 1291 375 1324 Animadversiones
382 1291 400 1323 in
410 1291 483 1323 Platonis
493 1290 597 1322 Phaedonem
610 1297 625 1323 et
632 1291 650 1323 in
658 1290 743 1324 Plutarchi
755 1291 810 1335 Opera
820 1291 894 1325 litoralia.
918 1291 951 1323 Nec
966 1289 1026 1321 mirum

217 1348 256 1381 illos
268 1347 372 1380 Triumviros
385 1347 451 1380 Philoni
463 1352 528 1380 tantuin
543 1346 630 1390 tribuisse,
651 1359 702 1391 quum
717 1348 735 1380 in
751 1348 784 1392 ejus
800 1348 867 1392 scriptis
879 1348 932 1380 inulta
941 1346 994 1380 insint
1006 1345 1026 1377 ad

218 1416 283 1437 omnem
295 1404 398 1448 antiquitatis
409 1404 486 1437 notitiam
498 1414 533 1436 non
542 1403 667 1446 contemnenda,
680 1415 696 1437 v.
706 1416 719 1437 e.
731 1405 792 1437 artium
805 1405 873 1438 inventa
885 1411 901 1437 et
910 1405 1026 1444 instrumenta,

218 1461 271 1505 qualis
280 1466 304 1493 est
314 1461 345 1493 ista
354 1460 437 1503 horologii
446 1473 466 1493 ex
475 1460 543 1493 materia
554 1471 600 1492 aerea
607 1460 647 1492 tacti
655 1461 745 1505 descriptio
761 1461 807 1494 Arm.
816 1466 836 1504 1,
849 1466 884 1504 21,
902 1461 949 1506 cujus
959 1459 1026 1503 quidem

216 1529 266 1550 usum
275 1517 314 1550 alias
323 1518 357 1550 sere
365 1517 414 1549 aetati
422 1517 471 1560 longe
481 1516 568 1560 posteriori
576 1517 659 1559 assignare
666 1518 727 1560 solent,
740 1519 841 1562 scriptorum
851 1518 976 1562 deperditornm
985 1515 1027 1549 reli-

214 1574 271 1618 quiae,
288 1585 305 1606 v.
316 1585 330 1606 c.
340 1573 454 1606 Eratosthenis
463 1573 509 1605 Arm,
519 1576 527 1608 1
533 1598 538 1616 ,
553 1576 596 1614 101,
609 1585 668 1616 genera
682 1579 725 1607 certe
736 1587 752 1608 v.
761 1587 775 1608 c¹
789 1575 879 1620 scriptores
894 1575 914 1608 de
922 1574 966 1608 bello
979 1583 1025 1605 sacro

213 1630 378 1673 Phoceusiunr640,
395 1630 435 1672 40.,
452 1630 535 1662 dictorum
547 1630 813 1674 etapophtegmatumueterum,
832 1643 873 1674 quae
882 1632 944 1664 Latinis
953 1630 982 1662 hic
989 1628 1026 1661 illic

214 1698 254 1720 cnm
261 1688 331 1721 Philone
340 1687 434 1720 eommunia
441 1690 490 1729 sunt,
507 1686 570 1719 Graeca
582 1692 598 1720 et
605 1687 652 1719 haud
659 1688 694 1720 seio
709 1700 730 1721 an
739 1689 795 1721 nativa
807 1692 824 1725 et
834 1687 905 1730 genuina
912 1688 968 1729 verba,
980 1697 998 1719 v.
1010 1697 1024 1720 ct

214 1744 255 1787 426,
268 1745 296 1781 25.
313 1742 388 1788 ἰσότιμον
396 1740 428 1790 ὅλῳ
437 1743 469 1790 βίῳ
478 1745 534 1786 oopod
542 1742 570 1779 rat
582 1744 622 1789 piar
631 1743 695 1790 dotano
702 1743 788 1790 ὑπέλαβον
797 1742 840 1779 εἶναι
847 1742 990 1790 κατορθουμένῳ).
1003 1743 1024 1774 uf·

215 1801 250 1833 Cic.
260 1801 309 1835 Tuso.
318 1801 338 1842 5,
350 1804 371 1843 2,
384 1801 432 1837 5.-
444 1804 464 1841 2,
477 1802 519 1841 662,
533 1804 550 1836 7.
561 1812 585 1844 sq.
599 1801 619 1833 cf.
628 1800 699 1833 Gieott’.
710 1804 730 1843 1,
742 1805 763 1844 4,
776 1804 803 1837 12,
816 1805 841 1843 7,
850 1805 877 1838 22.
885 1820 909 1826 -
933 1801 974 1833 Hor.
982 1799 1025 1843 Epp.

215 1860 237 1900 1,
250 1860 270 1900 1,
283 1860 300 1893 7.
318 1857 347 1889 Est
356 1857 396 1889 mihi
409 1861 522 1900 purgatam
535 1857 592 1890 crebro
603 1858 632 1901 qui
643 1863 808 1901 personetaurem.
825 1859 845 1890 of.
854 1858 896 1891 Phil.
905 1859 949 1899 636,
961 1859 991 1893 38·
1008 1860 1025 1906 2,

216 1915 259 1956 152,
272 1917 288 1949 3.
302 1918 319 1953 2,
332 1914 373 1954 315,
385 1913 413 1950 25.
425 1925 449 1956 sq,
457 1931 481 1938 -
494 1913 536 1947 Hor.
544 1915 587 1957 Epp.
601 1917 620 1956 1,
633 1916 654 1956 1,
666 1917 695 1950 60.
707 1914 735 1947 hic
744 1926 803 1948 murus
813 1914 884 1948 aheneus
894 1919 928 1947 esto
936 1932 959 1940 -
968 1913 1026 1946 Stoica

215 1970 283 2003 videtur
292 1982 327 2004 esse
335 1970 394 2013 imago.
404 1970 446 2003 Phil.
454 1974 471 2012 2,
485 1970 525 2012 407,
532 1972 566 2022 118.
578 1969 589 2004 o'
597 1967 649 2013 σοφιῖς
661 1973 735 2015 -τείχει
746 1971 864 2018 πεφραγμένος
871 1968 985 2019 ν’νιοθαιρέτμ,
999 1968 1025 2004 sv'-

214 2026 275 2073 σεβείμ.
283 2045 306 2053 -·
330 2027 371 2061 flor.
383 2027 452 2070 Epp.1‚
464 2031 484 2068 2,
497 2029 525 2063 42.
538 2027 616 2059 Rusticus
625 2032 718 2070 exspectat,
730 2028 770 2061 dum
780 2029 842 2062 defluat
852 2029 914 2070 amnis,
927 2035 944 2061 at
953 2029 983 2061 ille
995 2028 1036 2074 la-¹

214 2082 262 2115 bitur
270 2084 358 2117 otiabatur
366 2083 384 2115 in
392 2095 440 2116 omne
448 2078 527 2116 volubilis
534 2095 593 2117 aeuum
602 2102 624 2109 —
636 2083 711 2116 alludere
717 2083 784 2117 videtur
793 2087 814 2119 ad
822 2086 903 2119 Heracliti
911 2087 995 2119 decretum
1004 2085 1025 2119 de

213 2133 307 2184 perpetuo,
318 2145 399 2173 utrerum
407 2152 522 2183 corporearum
534 2141 614 2182 onmium,
627 2141 650 2173 ita
658 2140 709 2173 animi
718 2141 808 2175 allectuum
819 2137 916 2176 flumine.
928 2141 972 2175 Phil.
982 2145 1023 2182 692,

214 2199 243 2233 32.
260 2198 305 2239 693,
318 2197 335 2232 5.
350 2196 456 2230 utsententia
468 2196 497 2230 sit:
513 2198 549 2230 noli
562 2193 651 2242 suspensus
666 2198 796 2242 exspectatione,
815 2201 854 2233 dum
867 2199 957 2232 affectuum
968 2205 1023 2232 aestus

215 2253 325 2287 defervescere
336 2254 417 2297 coeperit,
430 2252 481 2285 aninri
491 2255 622 2287 emendationem
630 2255 650 2287 de
658 2255 685 2288 die
693 2255 711 2288 in
720 2256 762 2289 diem
772 2257 846 2299 differre,
863 2256 911 2289 irrita
925 2256 968 2288 enim
982 2257 1023 2290 haec

176 2343 177 2346 Ἴ
214 2321 251 2354 spes
261 2311 303 2354 erit,
320 2310 401 2355 siquidem
413 2315 473 2343 natura
481 2309 517 2353 ipsu
525 2312 556 2344 sibi
564 2317 631 2345 constat
638 2312 761 2357 affectuumque
769 2318 823 2346 aestus
835 2314 883 2346 nullo
893 2324 967 2356 unquam
979 2320 1023 2347 tem-

213 2378 255 2412 pore
267 2368 355 2402 sedabitur.
369 2366 418 2401 Ouid.
427 2367 465 2400 Met.
473 2369 489 2408 2,
503 2369 530 2403 63.
544 2369 563 2403 cf.
576 2369 618 2402 Phil.
628 2373 644 2412 2,
658 2363 686 2411 to,
699 2373 714 2406 8.
724 2369 782 2402 Ardua
790 2371 844 2415 prima
852 2371 879 2404 via
889 2374 945 2404 esa-
957 2374 973 2413 2,
982 2370 1023 2410 447,

212 2428 242 2461 26,
260 2423 362 2468 pactumad
374 2438 387 2459 a.
396 2420 465 2469 ν’μμείων
478 2421 569 2470 ἀναφέρειν
581 2422 716 2472 salgamariorum
728 2427 751 2468 εἷς
759 2424 801 2462 strat
812 2427 914 2474 ἕμχνθὲντων
922 2424 986 2474 ὀσμάς.
999 2428 1021 2462 cf.

212 2481 253 2514 Hor.
261 2482 304 2525 Epp.
314 2486 331 2524 1,
344 2487 363 2525 2,
377 2485 405 2519 69.

188 2556 206 2602 ⁴}
223 2556 243 2589 In
252 2558 323 2601 praefat.
333 2558 354 2590 ad
364 2558 427 2591 Selecta
434 2557 530 2603 Principum
538 2558 661 2594 historicorum
669 2571 686 2605 p.
693 2559 733 2594 XlX
742 2572 767 2605 sq.
