2219 3048
84 1073 142 1136 Sunt
156 1100 217 1134 certae
230 1095 331 1145 quaedam,
351 1098 400 1135 utin
412 1098 463 1135 omni
474 1096 569 1136 literarum
581 1107 662 1148 genere,
681 1094 707 1132 ita
718 1090 737 1131 iu
750 1087 847 1145 theologia
858 1096 961 1149 opiniones,

83 1177 132 1215 quae
147 1171 182 1203 us'u
200 1171 288 1216 receptae
305 1170 323 1204 et
345 1179 357 1204 a
377 1167 478 1205 maioribus
497 1180 533 1218 per
554 1179 619 1204 manus
635 1163 715 1202 traditae
732 1164 780 1201 sicut
799 1164 851 1201 numi
867 1165 929 1207 valent
945 1169 964 1207 in

83 1235 198 1273 commerciis
208 1234 324 1273 literatorum
333 1234 430 1273 hominum
439 1241 549 1286 tantamque
559 1238 651 1273 vetustate
658 1246 695 1272 nou
704 1234 766 1271 minus
778 1245 838 1283 -quam
851 1234 963 1273 clarissimo—

81 1315 124 1341 rum
138 1304 220 1342 virorum
231 1305 367 1356 approbatione
382 1310 509 1355 consequutae
520 1311 562 1343 sunt
575 1304 718 1353 auctoritatem,
739 1316 771 1341 eas
787 1307 809 1341 ut
824 1303 913 1354 attingere
930 1314 962 1344 aut

82 1372 136 1410 ctiam
147 1372 217 1411 stolae
228 1374 313 1425 religioni
325 1377 406 1411 ducatur.
436 1375 480 1421 Quo
492 1375 599 1412 innumero
613 1372 742 1423 reponendam
756 1385 811 1420 esse,
832 1385 887 1421 quam
902 1373 961 1423 pleri-

81 1453 118 1490 que
130 1440 215 1493 theologi
230 1455 263 1480 ore
275 1448 293 1480 et
308 1443 379 1493 scriptis
394 1442 474 1493 professi
485 1447 537 1492 sunt,
558 1443 583 1481 (le
598 1440 647 1497 λὸγῳ
662 1442 755 1480 Philoneo
771 1441 891 1487 seutentiam,
908 1443 960 1480 affir-

80 1522 131 1547 mare
141 1523 179 1548 non
194 1511 264 1550 dubito.
293 1512 343 1550 Nam
354 1523 412 1561 quum
421 1525 478 1550 nemo
487 1514 510 1550 sit
520 1525 597 1561 eorum,
613 1512 645 1563 qui
653 1512 722 1549 iustam
733 1516 752 1549 et
760 1511 864 1562 legitimam
873 1510 961 1551 librorum

80 1591 174 1617 sacrorum
188 1580 359 1631 interpretationem
370 1581 437 1619 iisdem
447 1583 532 1634 legibus,
550 1595 598 1632 quae
609 1582 743 1632 profanorum,
761 1593 808 1630 quos
820 1579 894 1626 dicunt,
913 1583 960 1620 scri-

78 1653 155 1699 ptorum
169 1655 254 1687 veterum
264 1649 362 1701 interpreti
372 1653 481 1702 propositae
492 1657 544 1696 sunt,
565 1652 624 1688 teneri
636 1656 734 1698 censeant,
755 1650 799 1698 quin
815 1660 867 1686 suam
883 1649 918 1686 sihi
931 1651 960 1689 'dc

78 1714 126 1772 λόγῳ
135 1717 228 1757 Plriloneo
243 1720 353 1757 sententiam
363 1726 425 1758 mente
434 1719 573 1765 informaverit,
592 1724 655 1756 tamen
664 1719 696 1756 hic
707 1720 759 1757 locus
772 1721 844 1755 tanturn
855 1717 919 1766 abest,
939 1728 960 1759 ut

78 1787 97 1824 in
107 1788 238 1840 pervestigatis
252 1787 350 1826 habendus
362 1789 395 1836 sit,
410 1794 430 1825 ut
441 1802 465 1826 ne
476 1793 518 1826 satis
530 1788 638 1842 explanatus
650 1787 726 1838 quidem
736 1785 799 1824 adhuc
811 1799 851 1823 esse
866 1788 959 1843 videatur.

78 1855 137 1901 Quod
148 1858 197 1895 enim
211 1857 285 1905 mount,
303 1855 356 1909 λόγον
367 1870 408 1895 esse
419 1857 525 1909 duplicem,
536 1855 635 1897 ἐνδιάθετον
646 1861 664 1894 et
672 1853 793 1910 προφορικὸν,
804 1855 886 1894 mediam
897 1871 960 1908 quan-

77 1923 121 1961 dam
132 1925 193 1963 Deum
203 1926 251 1964 inter
264 1926 386 1977 hominesque
396 1931 492 1976 naturam,
507 1927 588 1966 eandem
597 1939 642 1964 eum
652 1925 714 1963 divina
724 1925 812 1976 sapientia
821 1929 842 1961 et
852 1938 961 1977 perquam·

77 1993 121 2030 dam
137 1994 189 2043 quasi
205 1995 341 2033 emanationem
360 2008 384 2033 ex
394 1996 436 2048 ipso
447 1997 490 2035 Deo
500 2001 628 2051 prognatam,
647 1994 729 2032 Philonis
740 1998 802 2031 autem
813 1993 837 2032 de
849 2002 960 2035 carentem

76 2062 121 2100 tiam
135 2075 178 2101 cum
193 2075 217 2101 eu
230 2064 347 2103 orientalium
366 2067 442 2117 antiqua
456 2066 587 2118 plrilosoplria‚
609 2070 650 2104 tum
663 2075 708 2102 sero
721 2074 745 2100 er
757 2062 893 2103 Hebraeorum
908 2066 959 2105 libris

77 2132 133 2170 sacris
147 2138 179 2171 aut
188 2132 270 2173 Platonis
286 2135 366 2175 decretis
377 2137 470 2188 originem
484 2136 569 2185 duxisse,
587 2135 634 2174 illud
646 2132 722 2183 quidem
736 2144 760 2169 ex
774 2138 830 2184 parte
844 2146 911 2173 verum
925 2142 958 2183 est

76 2200 111 2237 sed
124 2214 242 2254 nequaquam
252 2204 271 2242 in
281 2204 316 2243 isto
327 2210 370 2243 sunt
381 2206 450 2244 omnia:
468 2207 523 2248 utin
537 2206 574 2245 hac
589 2209 639 2243 tanta
652 2214 689 2242 nou
704 2201 766 2239 solum
780 2203 838 2254 ipsius
853 2205 956 2257 argumenti

76 2268 110 2305 scd
124 2271 180 2309 etiam
191 2273 336 2325 disputationum
347 2274 372 2311 de
383 2287 406 2311 eo
417 2278 528 2325 argumento
541 2276 654 2326 agitatorum
668 2271 759 2322 ambigua
774 2277 794 2310 et
804 2273 874 2311 incerta
888 2274 956 2310 obscu*

75 2338 142 2388 ritate,
156 2342 203 2390 quid
217 2356 263 2382 uero
273 2344 301 2382 rei
312 2340 334 2382 sit
349 2348 368 2381 et
379 2343 425 2394 quid
435 2343 470 2381 sibi
478 2344 524 2381 inde
531 2344 617 2381 utilitatis
629 2341 653 2379 ad
662 2342 746 2392 privatos
757 2347 776 2379 et
790 2341 900 2379 domesticos
909 2330 955 2378 usus

76 2407 188 2458 capiendum
198 2424 240 2450 esse
253 2418 332 2464 putent,
352 2412 468 2465 aplerisque
482 2412 583 2462 ignoretur.
617 2411 684 2462 ltaque
701 2424 761 2462 quum
772 2411 868 2456 uiderem,
887 2409 921 2458 qui
937 2414 957 2448 in

74 2476 113 2515 hoc
127 2483 237 2529 argumento
248 2483 361 2533 explicando
372 2482 434 2523 adhuc
444 2483 511 2519 versati
522 2487 574 2530 sunt,
589 2494 651 2532 paene
662 2482 688 2520 π’]
698 2495 759 2521 unum
769 2491 831 2520 omuess
843 2481 877 2515 aut
893 2490 905 2514 a
920 2491 957 2529 pa-

74 2550 124 2586 trum
135 2547 224 2585 ecclesiae
235 2548 315 2589 lectione
323 2558 411 2592 recentes
419 2552 446 2592 aad
456 2551 538 2591 Philonis
547 2550 630 2592 studium
640 2552 743 2592 accessisse
752 2555 778 2599 ea,
791 2558 839 2598 ΨΜ
850 2547 903 2598 apud
914 2548 956 2596 lll⁰⁸

711 2627 722 2664 1
