2219 3048
65 2591 77 2650 λ’

70 156 99 196 68

73 280 137 308 mones
149 265 194 303 inire
208 264 342 316 (διαλέγεσθαι)
359 263 398 310 ι1ι,;
418 267 446 301 est
460 263 532 311 nruudi,
553 263 605 314 cujus
620 267 674 312 pater
687 262 747 310 Deus,
763 256 796 308 75,
811 261 843 302 25.
858 264 906 306 202,
925 265 945 301 1..

73 340 121 386 361,
136 338 169 376 40.
185 335 233 390 442,
248 332 282 374 25.
298 334 346 383 501,
363 337 394 387 12.
409 338 497 371 materet
508 334 594 384 genitrix,
605 331 709 380 eademque
723 333 771 380 213,
786 333 820 371 20.
835 328 895 386 μήτηρ
904 330 915 369 i.
927 344 944 369 e.:
982 321 984 324 ⁸

73 405 140 463 τροφός
151 420 168 444 ν..
183 402 301 457 τιθηνονιόμος
315 407 350 445 τῶν
361 401 456 454 ἐνκόσμφ,
471 401 521 438 uude
536 402 587 439 Deus
601 407 619 438 et
629 394 718 450 sapientia
732 401 793 437 diuina
807 403 858 448 362,
873 402 891 440 7.
909 401 943 439 17,-

74 480 90 519 οί
99 479 131 518 τοῦ
140 471 209 520 παντός
220 477 301 526 γονεῖς
315 473 441 523 appellantem
457 475 484 507 est
500 470 534 519 51,
551 473 585 512 48.
599 467 756 522 πολυώνυμος-εΙ
771 469 804 509 καὶ
812 485 830 522 γ.
839 467 865 523 οίρ
870 468 910 521 χήν
925 483 944 508 ια
986 507 989 511 ,

73 543 159 588 είιιόνα
169 559 187 584 ιι.
198 529 281 597 ’όρασιν
296 544 344 596 θεοιῑ
358 542 448 590 κέκληνε;
464 543 538 576 estnon
548 540 608 577 solum
623 540 656 589 52,
672 542 691 579 2.
706 541 754 587 490,
763 539 796 579 44.
808 541 832 578 cf.
846 541 894 589 442,
903 539 944 577 1ον

74 615 216 671 ἀρχέτυπον
231 611 296 663 σοφίας
309 612 344 660 τῆς
358 609 447 660 ἐπιγείου,
468 609 627 658 quemadmodum
638 608 766 649 'haecrursus
781 609 828 647 illius
841 609 943 661 μίμημα,

75 686 175 726 sedetiam
185 693 249 720 revera
256 679 297 715 fons
306 683 324 715 et
335 679 388 730 origo
399 678 457 716 omnis
465 679 577 729 sapientiae,
593 693 635 716 cum
645 678 696 729 ejus,
711 681 759 728 quae
769 679 787 715 iu
800 691 861 716 rerum
869 678 945 714 univer*¹

77 758 130 795 sitate
139 752 221 795 cernitur,
236 753 276 785 tum
283 747 337 795 iilius,
348 761 401 797 quae
408 762 443 799 per
450 749 553 803 humanum
561 762 620 800 genus
630 749 684 785 variis
693 747 753 785 modis
761 753 779 785 et
787 748 857 785 infinitis
870 746 945 792 diffusa,

78 824 175 864 marimum
187 818 244 855 decus
263 817 342 855 hominis
358 823 377 855 et
390 824 518 856 ornamentum
532 824 564 858 est.
594 819 666 856 Dicitur
680 818 728 855 enim
742 819 776 865 55,
793 816 824 857 15.
839 815 873 864 τάς
884 812 946 868 ἀρχοὶς

77 887 173 944 λαμβάνειν
187 885 272 940 ήγενική
289 884 379 939 ἀρετὴ-
390 883 426 925 ἀπό
436 889 471 936 τῆς
478 901 494 925 τ.
505 889 544 926 θεοῦ
559 889 626 941 σοφίας
640 892 658 924 et
672 888 720 936 370,
735 888 769 928 37.
784 888 832 937 371,
850 888 869 927 4.
889 883 945 935 quid*

76 960 120 1012 quid
128 958 201 1010 uspiam
210 957 257 994 inter
265 956 349 993 homines
359 956 461 1006 reperitur,
478 957 563 1004 rationis,
577 959 663 1008 peritiae,
683 957 736 1004 artis,
755 957 849 1005 scientiae,
862 955 882 992 id
890 966 946 992 omne

75 1031 100 1069 ad
109 1028 155 1067 illud
163 1039 221 1064 unum
229 1039 289 1077 genus
298 1026 387 1075 pertiuet;
402 1024 451 1061 unde
462 1025 530 1066 illaesi
545 1025 593 1075 518,
608 1029 641 1066 38.
657 1022 665 1064 ό
681 1027 739 1080 με’γας
750 1023 774 1073 ὡς
786 1024 856 1077 ἀληθῶς
870 1036 946 1069 ποτατ

76 1098 130 1152 μός,
147 1097 179 1146 qui
193 1097 242 1146 213,
258 1098 290 1136 30.
305 1107 354 1132 nuuc
364 1093 429 1131 sedato
437 1094 513 1131 flumine
523 1095 596 1142 labitur,
611 1108 660 1132 nuuc
670 1095 745 1132 incitato
756 1096 881 1142 cursufertur,
895 1092 946 1143 ejus·
980 1123 982 1127 .
1049 1140 1051 1147 Τ

76 1181 114 1218 que
121 1167 197 1204 Armen.
213 1168 232 1204 2.
246 1178 265 1215 p.
273 1165 306 1203 40.
322 1163 419 1214 speculum
426 1163 522 1212 quoddam
535 1165 655 1214 sapientia
669 1177 720 1202 mun
727 1164 750 1201 di
765 1165 783 1214 (i.
793 1178 812 1205 e.
822 1177 870 1214 quae
880 1163 898 1200 in
905 1162 947 1212 ipsa.

76 1249 140 1275 rerum
147 1234 265 1271 universitate
273 1234 329 1281 inest,
345 1245 401 1282 quam
410 1232 454 1269 alias
465 1239 528 1270 noster
535 1234 554 1270 in
561 1233 609 1270 libro
619 1233 642 1270 de
651 1233 768 1283 providentia
775 1234 851 1271 Armeu.
864 1236 881 1273 1.
892 1243 947 1283 pro:

77 1305 168 1343 uidenti
174 1317 207 1341 am
222 1303 317 1353 appellare
327 1301 431 1351 consuevit)
443 1302 478 1339 fuit
486 1302 588 1339 divinarum
598 1303 684 1339 uirtutum
689 1332 697 1350 ,
702 1302 757 1352 juxta
766 1316 811 1352 quas
819 1303 904 1353 perfecta
911 1300 948 1337 ,fuit
977 1330 979 1333 .

78 1381 97 1413 et
109 1374 180 1424 regitur
191 1373 346 1423 dispeusatmque
360 1371 467 1408 universitas
481 1370 583 1409 istiusmodi
591 1384 665 1419 rerum,
680 1371 733 1421 cujus
745 1373 838 1410 consimile
847 1377 884 1418 est,
896 1368 947 1419 quod

78 1437 127 1492 522,
132 1444 165 1482 28.
170 1441 198 1480 dr.
204 1439 296 1493 ἐπιστήμη
302 1455 320 1479 ιι.
326 1441 382 1492 σοφία
390 1453 408 1478 κ.
414 1436 470 1493 ἀρετή
476 1443 529 1480 ποῖσα
535 1438 628 1493 ἀυθιγενής
634 1455 651 1479 ιι.
657 1437 746 1491 αὐτόχθων
751 1455 768 1480 ιι,
773 1444 841 1487 πολῖτις
847 1438 871 1486 ὦς
877 1437 956 1490 ἀληθῶς,

79 1514 119 1553 ἐστι
126 1508 172 1562 μόνη
179 1512 212 1548 τοῦ
223 1507 297 1555 παντός.
315 1509 387 1546 Dicitur
402 1514 464 1545 tamen
473 1511 491 1546 in
500 1510 563 1560 primis
573 1509 621 1557 553,
636 1512 669 1549 48.
685 1507 758 1562 ἀρρην
773 1525 791 1549 κ.
805 1508 881 1563 πατὴρ
896 1506 948 1556 εἶναι,

79 1580 155 1632 σπείρων
163 1592 180 1618 ιι.
187 1581 252 1629 γεννῶν
261 1579 279 1616 ἐν
290 1577 357 1630 ψυχαῖς
363 1574 446 1628 μοίθησιν,
455 1579 544 1631 παιδείαν,
550 1577 657 1630 ἐπιστήμην,
663 1576 754 1631 φρόνησιν,
762 1578 823 1632 uuida
831 1575 949 1623 κ.ἐπαινετοὶς

78 1647 157 1704 πράξεις.
173 1647 254 1698 52,21.
268 1647 396 1699 ἐπίκουρος
410 1660 427 1685 κ.
444 1645 534 1700 ἀρωγός
554 1650 589 1686 τῶν
605 1648 664 1700 ψυχῆς
676 1645 737 1688 νόσων.
753 1635 790 1698 82,
805 1648 838 1689 25.
851 1645 951 1687 κάλλιστον

78 1714 154 1759 ποτόν.
166 1717 214 1765 240,
224 1717 243 1755 7.
255 1717 349 1768 τρέφειν
363 1713 422 1769 ψυχήν
431 1729 448 1755 v.
458 1718 492 1756 28.
508 1713 593 1768 ἀρδειν.
609 1716 658 1764 251,
673 1718 706 1756 37.
720 1714 817 1769 ἀνελλιπὴς
830 1714 902 1768 πηγή,
917 1711 949 1767 ἀφ

78 1784 101 1840 ής
113 1802 130 1828 τ.
141 1782 245 1839 φρονήσεως
257 1784 339 1837 διψῶσαν
354 1782 414 1838 ψυχήν
430 1783 477 1832 εἰκός
488 1787 526 1825 ἐστι
537 1786 654 1837 πληροῦσθαι.
669 1785 759 1835 25210.
771 1789 804 1826 24.
818 1789 874 1837 νᾶμα.
889 1796 906 1820 v·
917 1785 950 1824 32.

79 1855 88 1897 ὁ
97 1859 142 1902 θείος
155 1856 265 1902 πλοῦτος,
281 1852 300 1900 ός
308 1852 367 1893 ἅπασι
375 1868 391 1892 τ.
402 1850 459 1900 ἀξίοις
468 1868 486 1892 ιι.
496 1856 601 1905 δυναμένοις
610 1856 687 1907 χρῆσθαι
693 1857 809 1908 προνιέχυπαι.
819 1853 867 1902 255,
875 1854 894 1892 4.
902 1852 950 1901 374,

81 1926 114 1966 50.
128 1925 206 1978 φρέαρ.
221 1923 244 1960 cf.
258 1925 307 1972 285,
323 1913 427 1970 4.-287,
438 1924 456 1961 8.
471 1920 547 1976 ου’ροίνιοι
559 1937 576 1962 ιι.
583 1921 653 1976 πότιμα
660 1921 742 1976 νάματα.
752 1925 800 1973 296,
810 1925 829 1963 4.
839 1920 951 1974 ήνείιταρος

83 2009 100 2034 ιι.
108 1992 208 2047 ἀμβροσίας
218 2007 235 2031 τ.
248 1993 381 2043 μεμυθευμένων
396 1988 472 2042 ἀμείνων
483 1990 548 2045 τροφή.
564 1992 613 2042 544,
631 1994 664 2033 31.
679 2008 696 2033 τ.
709 1991 814 2047 ποίντροφον
823 1995 888 2045 γεῦμα.
903 1989 951 2038 575,

84 2065 117 2104 34.
131 2075 170 2111 sqq.
185 2059 295 2113 ήάνωτοίτω
305 2053 322 2099 ιι.
335 2057 402 2113 ἀρίστη
414 2058 471 2116 πηγή.
488 2074 505 2100 v.
521 2063 554 2102 47.
572 2060 593 2102 τό
604 2077 621 2102 τ.
631 2060 802 2112 demandauerat.
817 2065 846 2112 2,,
854 2061 905 2110 275,Ι
917 2062 951 2100 23.

78 2119 152 2182 ’πότιμα
160 2129 245 2182 δόγματα
259 2132 347 2183 χορηγεῖν.

168 2199 261 2249 Apparet,
281 2200 356 2249 opinor,
376 2210 399 2235 eu
414 2197 444 2245 iis,
464 2211 512 2248 quae
530 2199 619 2238 hactenus
634 2199 727 2254 disputata
743 2205 794 2249 sunt,
814 2199 838 2236 de
852 2198 890 2253 θείῳ
904 2195 952 2251 λόγῳ

82 2267 168 2309 Philonis
179 2268 222 2316 quid
230 2269 347 2306 statuendum
356 2280 397 2306 esse
408 2271 500 2317 putemus.
529 2269 577 2307 Esse
592 2270 645 2309 enim,
652 2276 736 2308 naturam
748 2282 785 2307 uon
796 2280 908 2318 corpoream
914 2273 953 2306 eta

83 2341 127 2379 Deo
143 2324 246 2384 diversam,
269 2351 375 2399 quanquam
388 2337 504 2388 proximam,
528 2340 561 2377 sed
576 2341 656 2383 eandem
670 2344 733 2376 tamen
748 2337 791 2374 Deo
801 2338 919 2386 inferiorem,
942 2351 954 2375 a

84 2410 126 2448 neo
130 2409 247 2458 prognatam
253 2410 270 2442 et
278 2407 334 2445 aDoo
343 2396 463 2459 pendentem,
469 2421 517 2457 quae
526 2422 584 2459 quum
589 2421 653 2447 earum
660 2419 728 2456 rerum,
734 2419 781 2456 quae
789 2405 815 2448 τά
823 2405 914 2449 ἀκόλουθα
920 2408 954 2448 καὶ
1014 2444 1016 2448 ,

65 2492 133 2551 ,μετα
125 2474 179 2516 θεόν
188 2478 231 2512 nost
232 2487 252 2511 er
263 2477 356 2524 appellare
365 2477 412 2515 solet
419 2507 424 2526 ,
404 2478 557 2529 tprincipatum
567 2476 671 2524 obtineatf
666 2480 692 2512 mt
693 2488 713 2513 er
685 2476 781 2514 Deum
785 2483 868 2529 ,utpote
873 2482 954 2516 mentem

65 2532 205 2602 iuniorumque
212 2556 276 2583 rerum
283 2543 401 2584 universitatis
411 2545 454 2596 [τόν
460 2551 496 2587 τῶν
502 2546 546 2588 ὅλον
556 2547 628 2605 νουν),
645 2550 663 2583 et
671 2546 760 2584 muudum
769 2547 851 2587 medium
861 2545 954 2596 quendam
