2219 3048
955 131 982 171 2⁴1

96 246 129 285 καί
137 248 169 287 τοῦ
181 246 213 298 μέν
227 243 266 283 ἐστι
280 240 332 296 χώρα
343 242 364 284 τὸ
376 240 494 297 ῆγεμονικὸν,
509 247 542 284 τοῦ
551 243 572 284 δὲ
585 240 637 283 κατά
648 243 740 299 προφοροίν
753 243 830 298 γλάττα
838 259 857 286 κ.
870 243 932 300 στόμα
940 244 980 299 κῆ

96 313 144 367 όίλλη
152 317 207 355 πάσα
222 315 284 367 φωνῆς
297 310 421 367 όργανοποιίοι.
440 336 462 343 -
480 327 497 354 ν’.
517 315 550 355 31.
566 311 601 367 χρῆ
612 313 646 353 καὶ
660 311 691 353 τόν
703 317 737 365 τῆς
750 313 826 368 φῦσεως
836 312 890 368 λόγον
903 317 936 356 καί
946 315 979 357 τὸν

95 388 128 425 τοῦ
136 380 229 438 ἀνθρώπου
238 384 334 435 βεβηκέναι
341 381 403 436 πάντη
424 382 482 436 (152,
494 386 528 426 20.
541 385 591 435 419,
603 384 645 434 39.)
660 382 752 424 καὶκατὰ
761 384 802 437 μηδ’
814 383 874 426 ὁτιοῦν
882 385 979 439 κραδαίνε-

96 457 142 495 σθαι
157 476 186 485 -
200 465 217 492 v.
231 454 264 493 40.
273 450 293 494 ου’
303 451 339 506 μῆν
347 452 397 495 ἀλλά
405 454 439 495 καὶ
447 455 489 495 δυσὶ
496 452 556 508 λόγοις
563 457 603 502 τοῖς
611 450 652 494 καθ’
661 454 740 494 ἕκαστον
749 450 810 506 ῆμῦν,
824 458 850 510 τῷ
858 470 879 496 τε
891 469 979 510 προφορο

95 527 122 579 κῆ
130 538 148 565 κ.
164 525 190 577 τῷ
198 522 290 580 ἐνδιαθέτφ
298 521 330 564 δῦο
343 521 413 578 ἀρετάς
424 522 520 578 ἀπένειμεν)
532 525 611 571 οἰκείας
625 525 651 579 τῷ
664 538 683 577 μ.
697 527 803 579 προφορικῷ
816 524 903 577 δήλωσιν,
918 528 945 580 τῷ
958 524 979 564 δὲ

51 612 53 615 ’
95 594 147 636 κατά
154 590 234 634 διάνοιαν
241 591 333 645 ἀλῆθειαν.
346 591 431 648 Ἀρμόζει
439 593 475 648 γάρ
484 595 556 650 διανοίᾳ
565 594 597 647 μὲν
607 594 664 646 μηδὲν
673 597 812 648 παραδέχεσθαι
820 595 980 648 ψεῦδοςέρμηνείομ

95 665 115 705 δὲ
123 664 179 718 μηδὲν
187 662 284 715 ἐμποδίζειν
292 665 328 703 τῶν
337 664 363 710 είς
370 660 405 714 τῆν
413 660 548 716 ἀκριβεστάτην
556 661 644 715 δήλωσιν·
654 663 707 717 λόγου
718 662 732 704 δ’
742 662 781 719 ἀρα
790 663 842 705 οῦδὲν
851 663 916 717 όφελος
923 667 978 704 τοῦτ.

94 732 167 775 καλάκ.
174 734 424 786 σπουδαῐασεμνηγοροῦντος
432 727 447 786 ᾧ
453 731 478 785 μή
485 730 578 786 πρόςεστιν
587 731 654 771 οἰκείων
659 731 757 775 ἀκολουθία
765 733 854 789 πράξεων.
863 738 884 786 2,
890 733 939 784 350,
945 736 978 775 47.

94 804 167 858 τρίττον
176 798 222 850 είδος
230 803 296 858 ψυχῆς,
305 801 326 843 τὸ
335 817 354 856 μ,
363 799 425 855 λόγου,
432 799 453 841 τὸ
462 800 483 840 δὲ
489 801 551 852 θυμοῦ,
559 798 581 840 τὸ
590 800 610 839 δὲ
621 802 727 854 ἐπιθυμίας·Υ
736 801 784 858 λόγῳ
795 818 813 856 μ.
823 801 848 852 ως
854 801 932 857 ῆγεμόνι
944 802 978 855 τῆν

94 871 156 932 σ’ίκραν
163 868 267 925 ἀπένειμαν,
277 869 389 913 οἰκειότατον
398 871 515 929 ἐνδιαίτημα,
523 867 666 924 κεφαλῆν,ὸέ’νθα
674 884 692 910 κ.
701 885 719 910 τ.
726 871 826 925 αἰσθῆσεων
834 875 854 915 αί
861 876 895 914 τοῦ
902 876 934 913 νοῦ
943 886 978 913 κα·

94 939 151 996 θάπερ
159 943 246 994 βασιλέως
252 939 349 996 δορυφόροι
353 939 415 990 τάξεις
423 941 549 995 παρίδρυνται.
557 942 578 990 2,
584 938 633 990 351,
640 940 672 982 19-
680 939 792 994 κυβερνήτης
798 941 890 996 λογισμός.
901 946 921 993 2,
927 944 977 992 377,

94 1013 129 1052 40.
138 1008 201 1063 ὑγίεια
207 1010 228 1050 δὲ
234 1011 294 1065 ψυχῆς
304 1009 395 1066 εὐκρασία
404 1026 421 1051 τ.
432 1007 525 1064 δυνάμεσίν
535 1011 575 1050 ἐστι
583 1012 620 1062 τῆς
627 1024 648 1050 τε
656 1007 708 1050 κατά
716 1024 733 1050 τ.
743 1009 796 1064 θυμὸν
803 1027 821 1052 κ.
830 1027 847 1052 τ.
856 1013 950 1065 ἐπιθυμίαν
958 1027 976 1053 κ.

93 1094 111 1120 τ.
124 1078 185 1133 λόγον,
200 1077 334 1134 ἐπικρατούσης
349 1095 366 1121 τ.
376 1082 452 1133 λογικῆς
461 1095 479 1120 κ.
488 1078 545 1133 ῦςπερ
555 1076 676 1133 ἀφηνιάστας
683 1079 750 1128 ἵππους
761 1077 870 1134 ῆνιοχοῦσης
882 1084 977 1135 ἑκατέρας.

93 1152 119 1200 2,
134 1150 188 1199 418,
206 1149 238 1189 17.
252 1146 307 1203 φύσει
313 1164 335 1203 γε
343 1148 379 1202 μῆν
385 1148 453 1197 πάντες
464 1150 480 1190 οἱ
489 1147 589 1202 ἀνθρωττοι,
604 1149 645 1203 πρὶν
652 1150 770 1201 τελειωθῆναι
778 1148 810 1190 τὸν
818 1151 837 1190 ἐν
846 1148 911 1199 αὐτοῖς
920 1148 979 1204 λόγον,

93 1219 170 1272 κείμεθα
181 1218 199 1258 ἐν
207 1219 280 1273 μεθορίῳ
290 1219 361 1267 κακίας
373 1219 407 1259 καὶ
418 1217 496 1273 ἀρετῆς,
510 1216 556 1271 πρὸς
568 1217 661 1273 μηδέτερά
672 1233 701 1259 πω
712 1217 862 1267 ταλαντεῦοντες.
877 1241 906 1249 -
920 1220 942 1272 b)
953 1220 979 1258 ad

93 1285 146 1340 λόγον
159 1284 258 1328 ἐνδιάθετον
271 1288 365 1339 pertinent
377 1293 454 1339 praeter
467 1289 530 1326 loenrn
541 1286 638 1325 laudatum
652 1291 675 1338 2,
692 1290 730 1339 12,
745 1291 779 1330 32,
793 1292 818 1339 2,
834 1290 872 1340 13,
887 1292 921 1331 39,
935 1303 976 1340 syn.

93 1360 140 1405 νοῦς.
155 1360 181 1408 2,
196 1358 249 1407 347,
263 1356 283 1398 5.
311 1358 399 1407 Namque
413 1357 466 1407 473,
481 1359 515 1398 21.
530 1354 600 1397 όκατά
608 1353 691 1397 διάνοιαν
703 1359 720 1397 λ,
729 1359 802 1409 tropice
814 1358 842 1395 dr.
853 1371 892 1396 vox
904 1360 977 1396 interere

92 1427 159 1465 urentis
175 1430 194 1464 et
205 1426 257 1477 508,
272 1429 306 1468 22.
321 1424 330 1467 ὁ
340 1423 442 1477 συνώνυμος
450 1428 486 1476 τῆς
494 1423 573 1478 ἀρίστης
582 1441 599 1466 τ.
609 1423 708 1466 εῦπαθειῦν
717 1429 788 1479 χαράς,
802 1429 867 1478 γελως,
881 1424 890 1466 ὸ
901 1426 978 1468 ἐνδιάθε·

93 1510 125 1543 τος
132 1493 171 1543 ῦιὸς
179 1499 225 1536 θεοῦ.
239 1496 322 1545 DeDeo,
333 1495 385 1545 quod
396 1495 458 1543 scium,
467 1492 521 1546 λόγος
529 1492 630 1541 ἐνδιάθετος
637 1507 676 1533 non
685 1495 760 1547 legitur.
769 1516 798 1523 -
807 1496 828 1546 ω)
835 1494 914 1548 γεγωνὸς
919 1494 978 1551 λόγος,

93 1567 140 1604 ratio
149 1565 225 1613 vocalis,
235 1564 282 1603 sieut
292 1562 403 1618 προφορικὸς
410 1562 469 1615 λόγος,
474 1564 522 1601 ratio
533 1564 584 1602 fores
593 1564 674 1615 prolata,
681 1564 748 1602 mentis
756 1565 853 1614 interpres,
864 1577 926 1608 sermo
936 1571 976 1611 θείς

93 1642 192 1686 praeterea
201 1647 280 1672 arcanae
291 1635 319 1671 rei
327 1635 384 1685 plene
392 1633 438 1672 nihil
447 1633 524 1671 subesse
533 1633 589 1671 uideo
593 1659 601 1676 ,
612 1645 670 1683 quum
679 1633 710 1670 vel
718 1632 756 1671 hoc
767 1634 840 1671 rationis
851 1646 912 1684 genus
922 1635 977 1673 unius

93 1705 173 1743 hominis
187 1704 287 1756 propriane
303 1704 336 1749 sit;
352 1716 390 1742 nou
405 1704 450 1740 item
464 1702 501 1739 Dei
513 1714 624 1739 commuue:
637 1706 666 1749 ut,
684 1703 716 1751 qui
728 1702 751 1740 ab
767 1701 805 1739 ίιου
818 1702 913 1754 principio
929 1703 977 1742 ‹livi-

94 1774 152 1813 dendi
161 1773 248 1826 profecti,
258 1773 309 1811 hune
320 1774 382 1810 lecum
392 1771 463 1822 optime
475 1770 575 1821 explanare
587 1770 691 1819 videantur,
705 1771 790 1809 Philonis
806 1776 858 1810 certe
869 1773 979 1812 auctoritate

93 1857 135 1882 sese
146 1844 195 1881 tueri
204 1847 303 1892 nequeant.
318 1840 340 1890 οι)
348 1837 357 1880 ό
366 1838 443 1893 γεγωνὸς
455 1836 513 1892 λόγος.
534 1841 581 1889 111,
597 1841 630 1880 11.
647 1838 708 1894 λόγιόν
719 1842 768 1881 ἐστιν
778 1842 796 1880 ε’ν
805 1837 849 1892 ἡμῖν
857 1840 878 1881 τὸ
892 1840 978 1894 φωνητῆ--

94 1925 130 1964 ριον
139 1910 227 1965 όργανον,
239 1909 282 1963 ὅπερ
294 1908 361 1950 ἐστίνὸ
372 1907 450 1962 γεγωνὸς
462 1906 521 1961 λόγος.
537 1904 591 1956 οῦτος
600 1907 645 1962 δἐῆ
659 1908 781 1964 ἀκριτομυθός
793 1912 831 1949 ἐστι
843 1911 876 1951 καί
888 1908 978 1964 ἀδόκιμος

93 1979 106 2032 ῆ
116 1982 221 2033 κεκριμένος
227 1993 245 2020 κ.
252 1977 332 2032 δόκιμος.
349 1981 396 2030 140,
413 1980 431 2018 1.
443 1976 505 2031 ,ῆχείό
515 1977 594 2031 γεγωνὸς
604 1977 664 2033 λόγος.
673 1978 737 2033 πατῆρ
746 1979 766 2018 δὲ
775 1976 841 2019 τοῦτου
851 1976 860 2019 ὁ
872 1982 920 2031 νοῦς,
930 1982 977 2021 ἐπει-

93 2051 184 2102 λημμένος
196 2051 230 2089 τοῦ
245 2050 351 2100 σπουδαίου.
367 2049 392 2087 cf.
405 2050 459 2099 271,
474 2050 508 2090 37.
520 2050 573 2100 243,
593 2051 613 2090 4.
630 2051 704 2102 πατέρα
719 2049 809 2100 μουσικῆς
822 2048 856 2089 καὶ
871 2053 907 2090 τῶν
925 2049 977 2092 κατὰ

93 2117 182 2171 μουσικὴν
198 2117 271 2159 πάντων
283 2116 364 2173 ὀργάνων
373 2117 451 2172 γεγωνὸν
465 2117 525 2172 λόγον.
542 2120 567 2160 ef.
580 2118 634 2169 285,
650 2119 682 2158 17.
700 2118 753 2166 462,
771 2118 805 2157 37.
815 2116 914 2172 προφῆτης
927 2121 977 2172 λε’γε-

93 2203 127 2229 ται
133 2185 205 2242 Ἀαρίνν
213 2209 240 2218 -
247 2186 326 2240 γεγωνὸς
333 2186 393 2240 λόγος,
400 2185 518 2242 προφητεύων
527 2190 601 2243 διανοίην
607 2189 619 2226 ἰ.
625 2201 641 2226 e.
652 2187 730 2227 Μωῦσεί.
740 2187 790 2237 371,
796 2190 830 2228 24.
840 2187 918 2241 γεγωνὸς
926 2187 977 2242 φωνῆ

93 2270 139 2308 opp.
145 2258 223 2313 διανοίη.
234 2280 260 2287 -
276 2254 311 2309 β)ὁ
320 2254 430 2313 προφορικὸς
439 2257 456 2296 λ.
466 2257 514 2306 199,
525 2258 557 2297 13.
566 2254 603 2297 οὐδ’
614 2258 639 2303 είς
646 2254 725 2307 ἅμιλλαν
733 2251 821 2308 ἀφίξεται
830 2257 928 2310 (Μωῦσῆς)
937 2263 978 2307 τοῖς

94 2323 155 2378 αὐτῆς
159 2330 257 2379 σοφισταῖς
261 2327 301 2381 πρὶν
309 2324 344 2379 ῆτ.
348 2322 457 2379 προφορικὸν
463 2322 525 2378 ἀκρως
530 2323 634 2379 ἀσκηθῆναι
641 2322 700 2376 λόγον,
706 2322 743 2371 τοὶς
750 2322 796 2379 πρὸς
800 2327 895 2380 ἑρμηνείαν
900 2324 977 2376 ἁπάσας

95 2392 283 2443 ίδέαςάναδείξαντος
296 2397 329 2438 καί
336 2392 464 2442 τελειώσαντος
472 2396 512 2435 θεοῦ
522 2393 555 2436 διοὶ
565 2398 601 2447 τῆς
608 2391 681 2447 Ἀαρών
690 2396 807 2448 χειροτονίας.
819 2397 872 2444 204,
886 2400 920 2438 28.
930 2395 939 2438 ὸ
958 2414 976 2452 μ.

96 2483 112 2507 τ.
122 2464 196 2507 ἀστείου
206 2467 248 2511 νοῦς
257 2462 319 2517 φῦλαξ
327 2480 345 2506 κ.
353 2466 423 2519 ταμίας
430 2467 465 2505 τῦν
475 2462 544 2517 ἀρετῆς
551 2466 605 2504 ἔσται
615 2460 720 2516 δογμάτων,
728 2462 738 2505 ὁ
745 2462 760 2505 δ’
768 2462 846 2517 ἀδελφὸς
856 2463 914 2508 αὐτοῦ
923 2466 977 2520 λόγος

95 2533 219 2591 λειτουργῆσει
226 2537 264 2581 τοῖς
271 2535 356 2576 παιδείαν
364 2538 445 2587 μετιοῦσι
454 2532 523 2582 διεξιὸν
532 2549 549 2574 τ.
559 2533 626 2588 σοφίας
633 2531 722 2587 δόγματα
730 2550 747 2575 κ,
757 2530 873 2587 θεωρήματα.
883 2539 932 2587 209,
944 2539 975 2578 11.

708 2610 745 2648 4*
