<?xml version="1.0" encoding="UTF-8"?>
<!DOCTYPE html PUBLIC "-//W3C//DTD XHTML 1.0 Transitional//EN"
    "http://www.w3.org/TR/xhtml1/DTD/xhtml1-transitional.dtd">
<html xmlns="http://www.w3.org/1999/xhtml" xml:lang="en" lang="en">
 <head>
  <title>
</title>
<meta http-equiv="Content-Type" content="text/html;charset=utf-8" />
  <meta name='ocr-system' content='tesseract 3.04.00' />
  <meta name='ocr-capabilities' content='ocr_page ocr_carea ocr_par ocr_line ocrx_word'/>
</head>
<body>
  <div class='ocr_page' id='page_1' title='image "MN41874ucmf_2_0112.png"; bbox 0 0 2219 3048; ppageno 0'>
   <div class='ocr_carea' id='block_1_1' title="bbox 85 151 115 190">
    <p class='ocr_par' dir='ltr' id='par_1_1' title="bbox 85 151 115 190">
     <span class='ocr_line' id='line_1_1' title="bbox 85 151 115 190; baseline 0.033 -1"><span class='ocrx_word' id='word_1_1' title='bbox 85 151 115 190; x_wconf 84' lang='grc'>26</span> 
     </span>
    </p>
   </div>
   <div class='ocr_carea' id='block_1_2' title="bbox 34 259 974 2607">
    <p class='ocr_par' dir='ltr' id='par_1_2' title="bbox 34 259 974 2607">
     <span class='ocr_line' id='line_1_2' title="bbox 91 259 973 317; baseline -0.002 -11"><span class='ocrx_word' id='word_1_2' title='bbox 91 279 134 306; x_wconf 88' lang='grc' dir='ltr'>νοια.</span> <span class='ocrx_word' id='word_1_3' title='bbox 152 265 205 314; x_wconf 90' lang='grc'>112,</span> <span class='ocrx_word' id='word_1_4' title='bbox 223 261 255 303; x_wconf 91' lang='grc'>14.</span> <span class='ocrx_word' id='word_1_5' title='bbox 271 264 325 313; x_wconf 97' lang='grc'>638,</span> <span class='ocrx_word' id='word_1_6' title='bbox 346 263 378 304; x_wconf 90' lang='grc'>13.</span> <span class='ocrx_word' id='word_1_7' title='bbox 393 265 445 317; x_wconf 84' lang='grc' dir='ltr'>γένος</span> <span class='ocrx_word' id='word_1_8' title='bbox 457 276 474 303; x_wconf 86' lang='lat' dir='ltr'><strong>v.</strong></span> <span class='ocrx_word' id='word_1_9' title='bbox 489 278 504 303; x_wconf 88' lang='grc' dir='ltr'>σ.</span> <span class='ocrx_word' id='word_1_10' title='bbox 519 263 540 305; x_wconf 87' lang='grc' dir='ltr'>τό</span> <span class='ocrx_word' id='word_1_11' title='bbox 553 261 661 316; x_wconf 85' lang='grc' dir='ltr'>αῦτομαθές.</span> <span class='ocrx_word' id='word_1_12' title='bbox 678 264 730 313; x_wconf 90' lang='grc'>631,</span> <span class='ocrx_word' id='word_1_13' title='bbox 745 266 765 305; x_wconf 93' lang='grc'>9.</span> <span class='ocrx_word' id='word_1_14' title='bbox 780 266 822 310; x_wconf 91' lang='grc' dir='ltr'>νοῦς</span> <span class='ocrx_word' id='word_1_15' title='bbox 835 276 851 303; x_wconf 95' lang='grc' dir='ltr'>ν,</span> <span class='ocrx_word' id='word_1_16' title='bbox 865 275 880 301; x_wconf 86' lang='grc' dir='ltr'>ο.</span> <span class='ocrx_word' id='word_1_17' title='bbox 893 259 902 302; x_wconf 89' lang='grc' dir='ltr'>ὁ</span> <span class='ocrx_word' id='word_1_18' title='bbox 913 261 973 314; x_wconf 79' lang='grc' dir='ltr'>ἀσκη-</span> 
     </span>
     <span class='ocr_line' id='line_1_3' title="bbox 89 330 974 387; baseline -0.003 -12"><span class='ocrx_word' id='word_1_19' title='bbox 89 333 129 386; x_wconf 80' lang='grc' dir='ltr'>τίγς.</span> <span class='ocrx_word' id='word_1_20' title='bbox 145 336 185 384; x_wconf 86' lang='grc'>83,</span> <span class='ocrx_word' id='word_1_21' title='bbox 201 337 220 375; x_wconf 90' lang='grc'>3.</span> <span class='ocrx_word' id='word_1_22' title='bbox 235 335 274 384; x_wconf 91' lang='grc'>91,</span> <span class='ocrx_word' id='word_1_23' title='bbox 289 336 309 375; x_wconf 89' lang='grc'>2.</span> <span class='ocrx_word' id='word_1_24' title='bbox 326 338 345 371; x_wconf 80' lang='lat' dir='ltr'>et</span> <span class='ocrx_word' id='word_1_25' title='bbox 357 332 444 387; x_wconf 84' lang='grc' dir='ltr'>λογισμός</span> <span class='ocrx_word' id='word_1_26' title='bbox 454 347 471 372; x_wconf 93' lang='grc' dir='ltr'>ν.</span> <span class='ocrx_word' id='word_1_27' title='bbox 485 348 501 375; x_wconf 92' lang='lat' dir='ltr'><strong>o.</strong></span> <span class='ocrx_word' id='word_1_28' title='bbox 517 332 616 387; x_wconf 83' lang='grc' dir='ltr'>ὁοὶνδρείος</span> <span class='ocrx_word' id='word_1_29' title='bbox 628 331 661 372; x_wconf 85' lang='grc' dir='ltr'>καὶ</span> <span class='ocrx_word' id='word_1_30' title='bbox 668 333 768 385; x_wconf 85' lang='grc' dir='ltr'>καρτερίας</span> <span class='ocrx_word' id='word_1_31' title='bbox 778 330 869 385; x_wconf 78' lang='grc' dir='ltr'>σἰσκητίγς.</span> <span class='ocrx_word' id='word_1_32' title='bbox 886 335 925 384; x_wconf 90' lang='grc'>89,</span> <span class='ocrx_word' id='word_1_33' title='bbox 939 336 974 375; x_wconf 89' lang='grc'>29.</span> 
     </span>
     <span class='ocr_line' id='line_1_4' title="bbox 90 399 974 457; baseline 0 -14"><span class='ocrx_word' id='word_1_34' title='bbox 90 404 175 456; x_wconf 74' lang='lat' dir='ltr'>usmpan&#39;</span> <span class='ocrx_word' id='word_1_35' title='bbox 191 404 257 443; x_wconf 80' lang='lat' dir='ltr'>solent.</span> <span class='ocrx_word' id='word_1_36' title='bbox 274 406 326 454; x_wconf 89' lang='lat'><strong>629,</strong></span> <span class='ocrx_word' id='word_1_37' title='bbox 342 404 376 445; x_wconf 85' lang='lat'><strong>61.</strong></span> <span class='ocrx_word' id='word_1_38' title='bbox 405 402 471 457; x_wconf 73' lang='grc' dir='ltr'>Θοίρρα</span> <span class='ocrx_word' id='word_1_39' title='bbox 488 401 545 450; x_wconf 85' lang='grc' dir='ltr'>αῦτός</span> <span class='ocrx_word' id='word_1_40' title='bbox 557 400 566 441; x_wconf 83' lang='grc' dir='ltr'><strong><em>ὁ</em></strong></span> <span class='ocrx_word' id='word_1_41' title='bbox 579 399 650 454; x_wconf 84' lang='grc' dir='ltr'>λόγοςῦ</span> <span class='ocrx_word' id='word_1_42' title='bbox 665 401 705 453; x_wconf 83' lang='grc' dir='ltr'>περὶ</span> <span class='ocrx_word' id='word_1_43' title='bbox 719 405 752 441; x_wconf 87' lang='grc' dir='ltr'>τοῦ</span> <span class='ocrx_word' id='word_1_44' title='bbox 766 404 834 454; x_wconf 80' lang='grc' dir='ltr'>γνῶναί</span> <span class='ocrx_word' id='word_1_45' title='bbox 848 417 889 444; x_wconf 87' lang='grc' dir='ltr'>τινα</span> <span class='ocrx_word' id='word_1_46' title='bbox 909 402 974 443; x_wconf 75' lang='grc' dir='ltr'>ἑαυτὸν</span> 
     </span>
     <span class='ocr_line' id='line_1_5' title="bbox 91 467 974 528; baseline -0.002 -14"><span class='ocrx_word' id='word_1_47' title='bbox 91 474 214 528; x_wconf 83' lang='grc' dir='ltr'>προκείμενος.</span> <span class='ocrx_word' id='word_1_48' title='bbox 231 487 272 526; x_wconf 76' lang='lat' dir='ltr'><strong>syn.</strong></span> <span class='ocrx_word' id='word_1_49' title='bbox 287 488 305 514; x_wconf 92' lang='grc' dir='ltr'>ν,</span> <span class='ocrx_word' id='word_1_50' title='bbox 322 476 356 514; x_wconf 90' lang='lat'>26.</span> <span class='ocrx_word' id='word_1_51' title='bbox 370 470 441 525; x_wconf 86' lang='grc' dir='ltr'>τρόπος.</span> <span class='ocrx_word' id='word_1_52' title='bbox 456 474 510 521; x_wconf 92' lang='grc'>290,</span> <span class='ocrx_word' id='word_1_53' title='bbox 525 473 558 512; x_wconf 88' lang='grc'>34.</span> <span class='ocrx_word' id='word_1_54' title='bbox 574 467 738 521; x_wconf 85' lang='grc' dir='ltr'>όοίσκητικόςκαὶ</span> <span class='ocrx_word' id='word_1_55' title='bbox 748 471 850 525; x_wconf 70' lang='grc' dir='ltr'>φιλομαθὴς</span> <span class='ocrx_word' id='word_1_56' title='bbox 860 470 922 525; x_wconf 91' lang='grc' dir='ltr'>λόγος,</span> <span class='ocrx_word' id='word_1_57' title='bbox 935 472 952 515; x_wconf 82' lang='lat' dir='ltr'>&#39;I</span> <span class='ocrx_word' id='word_1_58' title='bbox 966 500 974 505; x_wconf 93' lang='lat'>-</span> 
     </span>
     <span class='ocr_line' id='line_1_6' title="bbox 90 536 974 597; baseline -0.001 -13"><span class='ocrx_word' id='word_1_59' title='bbox 90 542 135 596; x_wconf 83' lang='grc' dir='ltr'>κώβ.</span> <span class='ocrx_word' id='word_1_60' title='bbox 150 543 206 595; x_wconf 90' lang='grc'>440,</span> <span class='ocrx_word' id='word_1_61' title='bbox 223 546 242 584; x_wconf 91' lang='grc'>1.</span> <span class='ocrx_word' id='word_1_62' title='bbox 257 546 363 597; x_wconf 83' lang='grc' dir='ltr'>θεσμοθέτης</span> <span class='ocrx_word' id='word_1_63' title='bbox 377 538 438 592; x_wconf 87' lang='grc' dir='ltr'>λόγος,</span> <span class='ocrx_word' id='word_1_64' title='bbox 452 541 532 591; x_wconf 82' lang='grc' dir='ltr'>Μωυσῆς</span> <span class='ocrx_word' id='word_1_65' title='bbox 544 538 633 588; x_wconf 83' lang='lat' dir='ltr'>idemque</span> <span class='ocrx_word' id='word_1_66' title='bbox 643 540 693 589; x_wconf 90' lang='lat'><strong>449,</strong></span> <span class='ocrx_word' id='word_1_67' title='bbox 709 539 741 579; x_wconf 89' lang='grc'>12.</span> <span class='ocrx_word' id='word_1_68' title='bbox 757 536 766 578; x_wconf 85' lang='grc' dir='ltr'>ὁ</span> <span class='ocrx_word' id='word_1_69' title='bbox 778 542 823 588; x_wconf 82' lang='grc' dir='ltr'>θεῖος</span> <span class='ocrx_word' id='word_1_70' title='bbox 831 544 847 582; x_wconf 87' lang='grc' dir='ltr'>λ,</span> <span class='ocrx_word' id='word_1_71' title='bbox 862 542 911 593; x_wconf 89' lang='grc'>455,</span> <span class='ocrx_word' id='word_1_72' title='bbox 926 546 945 583; x_wconf 88' lang='grc'>6.</span> <span class='ocrx_word' id='word_1_73' title='bbox 955 546 974 585; x_wconf 86' lang='grc'>8.</span> 
     </span>
     <span class='ocr_line' id='line_1_7' title="bbox 78 605 974 667; baseline -0.001 -12"><span class='ocrx_word' id='word_1_74' title='bbox 78 617 126 663; x_wconf 78' lang='grc'>32.</span> <span class='ocrx_word' id='word_1_75' title='bbox 141 611 150 653; x_wconf 87' lang='grc' dir='ltr'>ὁ</span> <span class='ocrx_word' id='word_1_76' title='bbox 161 614 225 666; x_wconf 80' lang='grc' dir='ltr'>ἱκέτης</span> <span class='ocrx_word' id='word_1_77' title='bbox 234 629 251 654; x_wconf 89' lang='grc' dir='ltr'>τ.</span> <span class='ocrx_word' id='word_1_78' title='bbox 262 615 301 652; x_wconf 90' lang='grc' dir='ltr'>θεοῦ</span> <span class='ocrx_word' id='word_1_79' title='bbox 311 613 326 651; x_wconf 86' lang='grc' dir='ltr'>λ.</span> <span class='ocrx_word' id='word_1_80' title='bbox 342 610 390 659; x_wconf 91' lang='grc'>543,</span> <span class='ocrx_word' id='word_1_81' title='bbox 400 610 434 649; x_wconf 87' lang='grc'>47.</span> <span class='ocrx_word' id='word_1_82' title='bbox 449 605 563 662; x_wconf 80' lang='grc' dir='ltr'>όπρορίγτης</span> <span class='ocrx_word' id='word_1_83' title='bbox 572 605 632 661; x_wconf 90' lang='grc' dir='ltr'>λόγος,</span> <span class='ocrx_word' id='word_1_84' title='bbox 642 607 700 661; x_wconf 86' lang='grc' dir='ltr'>όνομα</span> <span class='ocrx_word' id='word_1_85' title='bbox 708 611 794 660; x_wconf 82' lang='grc' dir='ltr'>Μωυσῆς.</span> <span class='ocrx_word' id='word_1_86' title='bbox 810 611 844 662; x_wconf 90' lang='grc'>96,</span> <span class='ocrx_word' id='word_1_87' title='bbox 855 613 887 654; x_wconf 83' lang='grc'>15.</span> <span class='ocrx_word' id='word_1_88' title='bbox 901 610 974 667; x_wconf 76' lang='grc' dir='ltr'>Ἀαρών</span> 
     </span>
     <span class='ocr_line' id='line_1_8' title="bbox 91 675 973 738; baseline -0.002 -14"><span class='ocrx_word' id='word_1_89' title='bbox 91 682 100 724; x_wconf 83' lang='grc' dir='ltr'>ὁ</span> <span class='ocrx_word' id='word_1_90' title='bbox 110 682 171 738; x_wconf 80' lang='grc' dir='ltr'>λόγος.</span> <span class='ocrx_word' id='word_1_91' title='bbox 186 686 234 733; x_wconf 89' lang='grc'>449,</span> <span class='ocrx_word' id='word_1_92' title='bbox 244 684 277 722; x_wconf 87' lang='grc'>22.</span> <span class='ocrx_word' id='word_1_93' title='bbox 286 695 303 720; x_wconf 80' lang='grc' dir='ltr'>τ.</span> <span class='ocrx_word' id='word_1_94' title='bbox 314 680 393 732; x_wconf 74' lang='grc' dir='ltr'>ἑρμηνέα</span> <span class='ocrx_word' id='word_1_95' title='bbox 402 678 484 725; x_wconf 77' lang='grc' dir='ltr'>διανοίας</span> <span class='ocrx_word' id='word_1_96' title='bbox 492 676 551 731; x_wconf 88' lang='grc' dir='ltr'>λόγον,</span> <span class='ocrx_word' id='word_1_97' title='bbox 559 675 632 731; x_wconf 81' lang='grc' dir='ltr'>Ἀαρών</span> <span class='ocrx_word' id='word_1_98' title='bbox 641 679 740 731; x_wconf 81' lang='grc' dir='ltr'>ἐπίκλησιν.</span> <span class='ocrx_word' id='word_1_99' title='bbox 751 680 799 729; x_wconf 87' lang='grc'>413,</span> <span class='ocrx_word' id='word_1_100' title='bbox 806 682 840 721; x_wconf 91' lang='grc'>31.</span> <span class='ocrx_word' id='word_1_101' title='bbox 854 681 935 721; x_wconf 80' lang='lat' dir='ltr'><strong>Pinohas</strong></span> <span class='ocrx_word' id='word_1_102' title='bbox 945 683 973 722; x_wconf 79' lang='lat' dir='ltr'><strong>dr.</strong></span> 
     </span>
     <span class='ocr_line' id='line_1_9' title="bbox 91 745 974 805; baseline -0.006 -11"><span class='ocrx_word' id='word_1_103' title='bbox 91 751 101 794; x_wconf 87' lang='grc' dir='ltr'>ό</span> <span class='ocrx_word' id='word_1_104' title='bbox 111 750 259 805; x_wconf 74' lang='grc' dir='ltr'>πολεμικώτατος</span> <span class='ocrx_word' id='word_1_105' title='bbox 271 746 330 801; x_wconf 85' lang='grc' dir='ltr'>λόγος,</span> <span class='ocrx_word' id='word_1_106' title='bbox 344 747 396 785; x_wconf 83' lang='lat' dir='ltr'><strong>idern</strong></span> <span class='ocrx_word' id='word_1_107' title='bbox 406 749 456 798; x_wconf 85' lang='lat'><strong>412,</strong></span> <span class='ocrx_word' id='word_1_108' title='bbox 464 750 498 789; x_wconf 87' lang='lat'>41.</span> <span class='ocrx_word' id='word_1_109' title='bbox 513 745 697 800; x_wconf 86' lang='grc' dir='ltr'>ὁοίντιλογικώτατος</span> <span class='ocrx_word' id='word_1_110' title='bbox 707 762 747 799; x_wconf 75' lang='grc' dir='ltr'>εγω.</span> <span class='ocrx_word' id='word_1_111' title='bbox 755 762 772 787; x_wconf 91' lang='grc' dir='ltr'>ν.</span> <span class='ocrx_word' id='word_1_112' title='bbox 782 751 816 790; x_wconf 88' lang='grc'>40.</span> <span class='ocrx_word' id='word_1_113' title='bbox 825 749 888 804; x_wconf 81' lang='grc' dir='ltr'>γνώμη</span> <span class='ocrx_word' id='word_1_114' title='bbox 897 754 974 802; x_wconf 66' lang='grc'>41490,</span> 
     </span>
     <span class='ocr_line' id='line_1_10' title="bbox 92 805 973 872; baseline -0.002 -11"><span class='ocrx_word' id='word_1_115' title='bbox 92 827 126 865; x_wconf 81' lang='lat'><strong>36.</strong></span> <span class='ocrx_word' id='word_1_116' title='bbox 141 816 302 872; x_wconf 79' lang='grc' dir='ltr'>λόγοςοίγωνιστίγς</span> <span class='ocrx_word' id='word_1_117' title='bbox 309 832 327 858; x_wconf 92' lang='grc' dir='ltr'>κ.</span> <span class='ocrx_word' id='word_1_118' title='bbox 335 819 410 868; x_wconf 84' lang='grc' dir='ltr'>τελειος,</span> <span class='ocrx_word' id='word_1_119' title='bbox 420 818 445 856; x_wconf 81' lang='lat' dir='ltr'>ad</span> <span class='ocrx_word' id='word_1_120' title='bbox 454 831 510 868; x_wconf 82' lang='lat' dir='ltr'>quem</span> <span class='ocrx_word' id='word_1_121' title='bbox 517 817 594 869; x_wconf 85' lang='lat' dir='ltr'>quidem</span> <span class='ocrx_word' id='word_1_122' title='bbox 604 818 693 868; x_wconf 87' lang='lat' dir='ltr'><strong>loquendi</strong></span> <span class='ocrx_word' id='word_1_123' title='bbox 703 831 756 857; x_wconf 82' lang='lat' dir='ltr'>usum</span> <span class='ocrx_word' id='word_1_124' title='bbox 764 805 880 870; x_wconf 72' lang='lat' dir='ltr'>paratissima</span> <span class='ocrx_word' id='word_1_125' title='bbox 889 823 918 861; x_wconf 82' lang='lat' dir='ltr'>via</span> <span class='ocrx_word' id='word_1_126' title='bbox 929 828 973 870; x_wconf 77' lang='lat' dir='ltr'><strong>orat,</strong></span> 
     </span>
     <span class='ocr_line' id='line_1_11' title="bbox 92 886 973 942; baseline 0.002 -13"><span class='ocrx_word' id='word_1_127' title='bbox 92 903 148 942; x_wconf 85' lang='lat' dir='ltr'>quum</span> <span class='ocrx_word' id='word_1_128' title='bbox 155 890 198 941; x_wconf 81' lang='lat' dir='ltr'>jam</span> <span class='ocrx_word' id='word_1_129' title='bbox 203 890 324 939; x_wconf 79' lang='lat' dir='ltr'><strong>Protagoras,</strong></span> <span class='ocrx_word' id='word_1_130' title='bbox 333 889 381 926; x_wconf 81' lang='lat' dir='ltr'><strong>sicut</strong></span> <span class='ocrx_word' id='word_1_131' title='bbox 391 887 508 925; x_wconf 82' lang='lat' dir='ltr'><strong>Democritus</strong></span> <span class='ocrx_word' id='word_1_132' title='bbox 518 888 586 940; x_wconf 81' lang='grc' dir='ltr'>Σοφία,</span> <span class='ocrx_word' id='word_1_133' title='bbox 596 889 621 925; x_wconf 83' lang='lat' dir='ltr'>ita</span> <span class='ocrx_word' id='word_1_134' title='bbox 631 889 663 925; x_wconf 82' lang='lat' dir='ltr'>ille</span> <span class='ocrx_word' id='word_1_135' title='bbox 673 886 731 941; x_wconf 80' lang='grc' dir='ltr'>Λόγος</span> <span class='ocrx_word' id='word_1_136' title='bbox 742 890 834 940; x_wconf 79' lang='lat' dir='ltr'>appellari</span> <span class='ocrx_word' id='word_1_137' title='bbox 844 893 973 931; x_wconf 77' lang='lat' dir='ltr'><strong>consuevisset.</strong></span> 
     </span>
     <span class='ocr_line' id='line_1_12' title="bbox 161 956 974 1013; baseline 0.005 -17"><span class='ocrx_word' id='word_1_138' title='bbox 161 960 184 1011; x_wconf 81' lang='grc'>8]</span> <span class='ocrx_word' id='word_1_139' title='bbox 199 960 252 1009; x_wconf 74' lang='lat' dir='ltr'><strong>ratio,</strong></span> <span class='ocrx_word' id='word_1_140' title='bbox 261 971 317 996; x_wconf 82' lang='lat' dir='ltr'>sensu</span> <span class='ocrx_word' id='word_1_141' title='bbox 322 957 461 1009; x_wconf 80' lang='lat' dir='ltr'><strong>philosophico,</strong></span> <span class='ocrx_word' id='word_1_142' title='bbox 465 956 544 995; x_wconf 77' lang='lat' dir='ltr'>facultas</span> <span class='ocrx_word' id='word_1_143' title='bbox 550 957 616 995; x_wconf 81' lang='lat' dir='ltr'><strong>mentis</strong></span> <span class='ocrx_word' id='word_1_144' title='bbox 627 957 727 1009; x_wconf 76' lang='lat' dir='ltr'><strong>humanae,</strong></span> <span class='ocrx_word' id='word_1_145' title='bbox 733 972 783 1009; x_wconf 77' lang='lat' dir='ltr'><strong>quoe</strong></span> <span class='ocrx_word' id='word_1_146' title='bbox 791 960 839 998; x_wconf 79' lang='lat' dir='ltr'>inter</span> <span class='ocrx_word' id='word_1_147' title='bbox 846 965 917 999; x_wconf 72' lang='lat' dir='ltr'>ceteras</span> <span class='ocrx_word' id='word_1_148' title='bbox 923 963 974 1013; x_wconf 80' lang='lat' dir='ltr'>prin-</span> 
     </span>
     <span class='ocr_line' id='line_1_13' title="bbox 90 1026 974 1082; baseline 0.003 -13"><span class='ocrx_word' id='word_1_149' title='bbox 90 1032 172 1082; x_wconf 79' lang='lat' dir='ltr'><strong>cipatum</strong></span> <span class='ocrx_word' id='word_1_150' title='bbox 179 1030 250 1067; x_wconf 81' lang='lat' dir='ltr'><strong>obtinet</strong></span> <span class='ocrx_word' id='word_1_151' title='bbox 260 1041 337 1078; x_wconf 50' lang='lat' dir='ltr'>quaque*</span> <span class='ocrx_word' id='word_1_152' title='bbox 342 1026 400 1064; x_wconf 87' lang='lat' dir='ltr'><strong>homo</strong></span> <span class='ocrx_word' id='word_1_153' title='bbox 409 1026 474 1064; x_wconf 80' lang='lat' dir='ltr'>ceteris</span> <span class='ocrx_word' id='word_1_154' title='bbox 484 1030 568 1077; x_wconf 78' lang='lat' dir='ltr'>praestat</span> <span class='ocrx_word' id='word_1_155' title='bbox 574 1027 689 1065; x_wconf 82' lang='lat' dir='ltr'><strong>animalibus.</strong></span> <span class='ocrx_word' id='word_1_156' title='bbox 701 1029 831 1080; x_wconf 74' lang='lat' dir='ltr'><strong>ojingenere.</strong></span> <span class='ocrx_word' id='word_1_157' title='bbox 847 1031 933 1082; x_wconf 91' lang='grc'>146,10.</span> <span class='ocrx_word' id='word_1_158' title='bbox 941 1028 974 1071; x_wconf 82' lang='grc' dir='ltr'>λό-</span> 
     </span>
     <span class='ocr_line' id='line_1_14' title="bbox 89 1093 974 1153; baseline -0.001 -12"><span class='ocrx_word' id='word_1_159' title='bbox 89 1115 120 1152; x_wconf 91' lang='grc' dir='ltr'>γον</span> <span class='ocrx_word' id='word_1_160' title='bbox 130 1097 203 1153; x_wconf 78' lang='grc' dir='ltr'>ἠρῦσις</span> <span class='ocrx_word' id='word_1_161' title='bbox 211 1095 340 1138; x_wconf 72' lang='grc' dir='ltr'>δυνατώτατον</span> <span class='ocrx_word' id='word_1_162' title='bbox 349 1093 444 1148; x_wconf 85' lang='grc' dir='ltr'>οῦμμαχον</span> <span class='ocrx_word' id='word_1_163' title='bbox 454 1093 539 1152; x_wconf 75' lang='grc' dir='ltr'>ἀνθρώπῳ</span> <span class='ocrx_word' id='word_1_164' title='bbox 546 1095 701 1150; x_wconf 77' lang='grc' dir='ltr'>δημιουργησασα</span> <span class='ocrx_word' id='word_1_165' title='bbox 708 1096 739 1137; x_wconf 89' lang='grc' dir='ltr'>τόν</span> <span class='ocrx_word' id='word_1_166' title='bbox 748 1112 766 1150; x_wconf 90' lang='grc' dir='ltr'>μ.</span> <span class='ocrx_word' id='word_1_167' title='bbox 776 1096 827 1153; x_wconf 75' lang='grc' dir='ltr'>αῦτῴ</span> <span class='ocrx_word' id='word_1_168' title='bbox 834 1101 911 1153; x_wconf 79' lang='grc' dir='ltr'>χρῆσθαι</span> <span class='ocrx_word' id='word_1_169' title='bbox 919 1098 974 1153; x_wconf 79' lang='grc' dir='ltr'>ὀρθῶς</span> 
     </span>
     <span class='ocr_line' id='line_1_15' title="bbox 90 1163 973 1221; baseline -0.001 -10"><span class='ocrx_word' id='word_1_170' title='bbox 90 1169 183 1212; x_wconf 66' lang='grc' dir='ltr'>ἀπέδειξεν</span> <span class='ocrx_word' id='word_1_171' title='bbox 194 1166 332 1219; x_wconf 80' lang='grc' dir='ltr'>εῦδαίμανακαί</span> <span class='ocrx_word' id='word_1_172' title='bbox 339 1163 410 1218; x_wconf 81' lang='grc' dir='ltr'>λογικόν</span> <span class='ocrx_word' id='word_1_173' title='bbox 421 1164 483 1216; x_wconf 85' lang='grc' dir='ltr'>όντως,</span> <span class='ocrx_word' id='word_1_174' title='bbox 491 1163 522 1205; x_wconf 82' lang='grc' dir='ltr'>τόν</span> <span class='ocrx_word' id='word_1_175' title='bbox 531 1166 552 1206; x_wconf 82' lang='grc' dir='ltr'>δὲ</span> <span class='ocrx_word' id='word_1_176' title='bbox 557 1164 583 1218; x_wconf 76' lang='grc' dir='ltr'>μὴ</span> <span class='ocrx_word' id='word_1_177' title='bbox 591 1164 696 1219; x_wconf 87' lang='grc' dir='ltr'>δυνοίμενον,</span> <span class='ocrx_word' id='word_1_178' title='bbox 703 1165 770 1221; x_wconf 73' lang='grc' dir='ltr'>ἄλογόν</span> <span class='ocrx_word' id='word_1_179' title='bbox 774 1182 796 1207; x_wconf 85' lang='grc' dir='ltr'>τε</span> <span class='ocrx_word' id='word_1_180' title='bbox 800 1169 834 1208; x_wconf 81' lang='grc' dir='ltr'>καὶ</span> <span class='ocrx_word' id='word_1_181' title='bbox 840 1170 973 1221; x_wconf 80' lang='grc' dir='ltr'>κακοδαίμονα</span> 
     </span>
     <span class='ocr_line' id='line_1_16' title="bbox 92 1233 973 1291; baseline -0.002 -11"><span class='ocrx_word' id='word_1_182' title='bbox 92 1242 139 1290; x_wconf 88' lang='grc'>170,</span> <span class='ocrx_word' id='word_1_183' title='bbox 148 1241 182 1279; x_wconf 87' lang='lat'>29.</span> <span class='ocrx_word' id='word_1_184' title='bbox 195 1236 286 1277; x_wconf 87' lang='grc' dir='ltr'>διττόν-</span> <span class='ocrx_word' id='word_1_185' title='bbox 293 1234 314 1275; x_wconf 87' lang='grc' dir='ltr'>τό</span> <span class='ocrx_word' id='word_1_186' title='bbox 323 1234 400 1288; x_wconf 75' lang='grc' dir='ltr'>σ’ίλογον·</span> <span class='ocrx_word' id='word_1_187' title='bbox 414 1233 436 1275; x_wconf 86' lang='grc' dir='ltr'>τό</span> <span class='ocrx_word' id='word_1_188' title='bbox 446 1249 464 1287; x_wconf 90' lang='grc' dir='ltr'>μ.</span> <span class='ocrx_word' id='word_1_189' title='bbox 474 1233 527 1288; x_wconf 78' lang='grc' dir='ltr'>παρὰ</span> <span class='ocrx_word' id='word_1_190' title='bbox 533 1250 550 1275; x_wconf 87' lang='grc' dir='ltr'>τ.</span> <span class='ocrx_word' id='word_1_191' title='bbox 559 1236 647 1288; x_wconf 79' lang='grc' dir='ltr'>αἱροῦντα</span> <span class='ocrx_word' id='word_1_192' title='bbox 655 1233 707 1288; x_wconf 87' lang='grc' dir='ltr'>λόγον</span> <span class='ocrx_word' id='word_1_193' title='bbox 716 1235 735 1276; x_wconf 86' lang='grc' dir='ltr'>όν</span> <span class='ocrx_word' id='word_1_194' title='bbox 744 1235 816 1290; x_wconf 82' lang='grc' dir='ltr'>όίφρονοί</span> <span class='ocrx_word' id='word_1_195' title='bbox 825 1238 872 1291; x_wconf 89' lang='grc' dir='ltr'>ρασί</span> <span class='ocrx_word' id='word_1_196' title='bbox 881 1251 937 1285; x_wconf 86' lang='grc' dir='ltr'>τινες·</span> <span class='ocrx_word' id='word_1_197' title='bbox 951 1237 973 1278; x_wconf 89' lang='grc' dir='ltr'>τό</span> 
     </span>
     <span class='ocr_line' id='line_1_17' title="bbox 89 1302 974 1359; baseline -0.005 -8"><span class='ocrx_word' id='word_1_198' title='bbox 89 1312 110 1351; x_wconf 85' lang='grc' dir='ltr'>δὲ</span> <span class='ocrx_word' id='word_1_199' title='bbox 118 1306 159 1350; x_wconf 87' lang='grc' dir='ltr'>κατ’</span> <span class='ocrx_word' id='word_1_200' title='bbox 171 1305 251 1359; x_wconf 78' lang='grc' dir='ltr'>ε’κτομην</span> <span class='ocrx_word' id='word_1_201' title='bbox 261 1303 322 1358; x_wconf 82' lang='grc' dir='ltr'>λόγου,</span> <span class='ocrx_word' id='word_1_202' title='bbox 337 1302 362 1352; x_wconf 84' lang='grc' dir='ltr'>ώς</span> <span class='ocrx_word' id='word_1_203' title='bbox 372 1320 389 1345; x_wconf 91' lang='grc' dir='ltr'>τ.</span> <span class='ocrx_word' id='word_1_204' title='bbox 400 1303 448 1352; x_wconf 83' lang='grc' dir='ltr'>ζώων</span> <span class='ocrx_word' id='word_1_205' title='bbox 457 1302 483 1343; x_wconf 82' lang='grc' dir='ltr'>τὰ</span> <span class='ocrx_word' id='word_1_206' title='bbox 491 1302 516 1356; x_wconf 77' lang='grc' dir='ltr'>μὴ</span> <span class='ocrx_word' id='word_1_207' title='bbox 526 1302 597 1356; x_wconf 84' lang='grc' dir='ltr'>λογικοί.</span> <span class='ocrx_word' id='word_1_208' title='bbox 613 1307 662 1354; x_wconf 91' lang='grc'>207,</span> <span class='ocrx_word' id='word_1_209' title='bbox 675 1306 706 1345; x_wconf 81' lang='grc'>19.</span> <span class='ocrx_word' id='word_1_210' title='bbox 721 1309 756 1357; x_wconf 75' lang='grc' dir='ltr'>τῆς</span> <span class='ocrx_word' id='word_1_211' title='bbox 768 1308 843 1358; x_wconf 76' lang='grc' dir='ltr'>λογικῆς</span> <span class='ocrx_word' id='word_1_212' title='bbox 855 1308 882 1354; x_wconf 78' lang='grc' dir='ltr'>(ἐν</span> <span class='ocrx_word' id='word_1_213' title='bbox 890 1305 933 1359; x_wconf 79' lang='grc' dir='ltr'>ημῖν</span> <span class='ocrx_word' id='word_1_214' title='bbox 943 1311 974 1348; x_wconf 62' lang='grc' dir='ltr'>δυ·</span> 
     </span>
     <span class='ocr_line' id='line_1_18' title="bbox 89 1370 974 1433; baseline -0.003 -15"><span class='ocrx_word' id='word_1_215' title='bbox 89 1378 171 1433; x_wconf 79' lang='grc' dir='ltr'>νόμεως)</span> <span class='ocrx_word' id='word_1_216' title='bbox 186 1375 207 1417; x_wconf 79' lang='grc' dir='ltr'>οῦ</span> <span class='ocrx_word' id='word_1_217' title='bbox 217 1377 288 1429; x_wconf 75' lang='grc' dir='ltr'>μετέχοι</span> <span class='ocrx_word' id='word_1_218' title='bbox 297 1370 335 1427; x_wconf 80' lang='grc' dir='ltr'>μὲν,</span> <span class='ocrx_word' id='word_1_219' title='bbox 346 1372 398 1427; x_wconf 75' lang='grc' dir='ltr'>ἄρχει</span> <span class='ocrx_word' id='word_1_220' title='bbox 406 1375 427 1414; x_wconf 79' lang='grc' dir='ltr'>δὲ</span> <span class='ocrx_word' id='word_1_221' title='bbox 435 1371 444 1414; x_wconf 88' lang='grc' dir='ltr'>ό</span> <span class='ocrx_word' id='word_1_222' title='bbox 452 1371 495 1423; x_wconf 79' lang='grc' dir='ltr'>θεὸς,</span> <span class='ocrx_word' id='word_1_223' title='bbox 504 1371 517 1424; x_wconf 74' lang='grc' dir='ltr'><strong>ἡ</strong></span> <span class='ocrx_word' id='word_1_224' title='bbox 526 1374 559 1413; x_wconf 89' lang='grc' dir='ltr'>τοῦ</span> <span class='ocrx_word' id='word_1_225' title='bbox 569 1371 697 1426; x_wconf 80' lang='grc' dir='ltr'>πρεσβυτάτου</span> <span class='ocrx_word' id='word_1_226' title='bbox 701 1372 755 1427; x_wconf 91' lang='grc' dir='ltr'>λόγου</span> <span class='ocrx_word' id='word_1_227' title='bbox 760 1373 818 1427; x_wconf 77' lang='grc' dir='ltr'>πηγή.</span> <span class='ocrx_word' id='word_1_228' title='bbox 832 1378 881 1426; x_wconf 90' lang='grc'>238,</span> <span class='ocrx_word' id='word_1_229' title='bbox 887 1379 920 1417; x_wconf 88' lang='lat'>26.</span> <span class='ocrx_word' id='word_1_230' title='bbox 936 1377 974 1417; x_wconf 78' lang='grc' dir='ltr'>ἐπεὶ</span> 
     </span>
     <span class='ocr_line' id='line_1_19' title="bbox 91 1440 972 1497; baseline -0.005 -9"><span class='ocrx_word' id='word_1_231' title='bbox 91 1473 120 1480; x_wconf 93' lang='lat'><em>-</em></span> <span class='ocrx_word' id='word_1_232' title='bbox 131 1448 140 1489; x_wconf 88' lang='grc' dir='ltr'>ό</span> <span class='ocrx_word' id='word_1_233' title='bbox 153 1446 192 1493; x_wconf 83' lang='grc' dir='ltr'>θεός</span> <span class='ocrx_word' id='word_1_234' title='bbox 206 1443 259 1497; x_wconf 79' lang='grc' dir='ltr'>πηγὴ</span> <span class='ocrx_word' id='word_1_235' title='bbox 273 1442 339 1495; x_wconf 89' lang='grc' dir='ltr'>λόγου,</span> <span class='ocrx_word' id='word_1_236' title='bbox 359 1440 432 1495; x_wconf 76' lang='grc' dir='ltr'>ἀνάγκη</span> <span class='ocrx_word' id='word_1_237' title='bbox 447 1441 477 1482; x_wconf 88' lang='grc' dir='ltr'>τόν</span> <span class='ocrx_word' id='word_1_238' title='bbox 493 1440 564 1495; x_wconf 87' lang='grc' dir='ltr'>οίλόγως</span> <span class='ocrx_word' id='word_1_239' title='bbox 578 1445 653 1495; x_wconf 82' lang='grc' dir='ltr'>βιοῦντα</span> <span class='ocrx_word' id='word_1_240' title='bbox 669 1446 704 1495; x_wconf 78' lang='grc' dir='ltr'>τῆς</span> <span class='ocrx_word' id='word_1_241' title='bbox 718 1446 757 1484; x_wconf 84' lang='grc' dir='ltr'>θεοῦ</span> <span class='ocrx_word' id='word_1_242' title='bbox 772 1448 820 1497; x_wconf 80' lang='grc' dir='ltr'>ζωῆς</span> <span class='ocrx_word' id='word_1_243' title='bbox 832 1444 972 1497; x_wconf 78' lang='grc' dir='ltr'>αἶπεσχοινίσθαι.</span> 
     </span>
     <span class='ocr_line' id='line_1_20' title="bbox 92 1510 973 1568; baseline -0.005 -9"><span class='ocrx_word' id='word_1_244' title='bbox 92 1519 146 1565; x_wconf 88' lang='grc'>447,</span> <span class='ocrx_word' id='word_1_245' title='bbox 164 1517 196 1555; x_wconf 91' lang='grc'>16.</span> <span class='ocrx_word' id='word_1_246' title='bbox 212 1516 236 1553; x_wconf 84' lang='lat' dir='ltr'><strong>cf.</strong></span> <span class='ocrx_word' id='word_1_247' title='bbox 249 1514 302 1562; x_wconf 90' lang='grc'>448,</span> <span class='ocrx_word' id='word_1_248' title='bbox 318 1514 351 1553; x_wconf 89' lang='grc'>24.</span> <span class='ocrx_word' id='word_1_249' title='bbox 365 1510 418 1564; x_wconf 85' lang='grc' dir='ltr'>λόγος</span> <span class='ocrx_word' id='word_1_250' title='bbox 437 1511 534 1564; x_wconf 77' lang='grc' dir='ltr'>όμ.πηγῄ</span> <span class='ocrx_word' id='word_1_251' title='bbox 544 1514 612 1563; x_wconf 71' lang='grc' dir='ltr'>ἔοικεν,</span> <span class='ocrx_word' id='word_1_252' title='bbox 628 1510 666 1553; x_wconf 80' lang='grc' dir='ltr'>ὅδὲ</span> <span class='ocrx_word' id='word_1_253' title='bbox 679 1511 771 1567; x_wconf 75' lang='grc' dir='ltr'>ἀπορρυῇ·</span> <span class='ocrx_word' id='word_1_254' title='bbox 785 1518 837 1566; x_wconf 76' lang='grc' dir='ltr'>πηγῇ</span> <span class='ocrx_word' id='word_1_255' title='bbox 851 1512 890 1568; x_wconf 79' lang='grc' dir='ltr'>μό</span> <span class='ocrx_word' id='word_1_256' title='bbox 906 1516 923 1554; x_wconf 78' lang='grc' dir='ltr'>ἐν</span> <span class='ocrx_word' id='word_1_257' title='bbox 933 1518 973 1556; x_wconf 90' lang='grc' dir='ltr'>δια-</span> 
     </span>
     <span class='ocr_line' id='line_1_21' title="bbox 91 1578 974 1642; baseline -0.003 -14"><span class='ocrx_word' id='word_1_258' title='bbox 91 1589 144 1642; x_wconf 81' lang='grc' dir='ltr'>νοίηι,</span> <span class='ocrx_word' id='word_1_259' title='bbox 158 1581 245 1638; x_wconf 80' lang='grc' dir='ltr'>προροροί</span> <span class='ocrx_word' id='word_1_260' title='bbox 253 1579 294 1633; x_wconf 80' lang='grc' dir='ltr'>δὲίγ</span> <span class='ocrx_word' id='word_1_261' title='bbox 304 1580 336 1621; x_wconf 83' lang='grc' dir='ltr'>διοὶ</span> <span class='ocrx_word' id='word_1_262' title='bbox 346 1578 438 1633; x_wconf 84' lang='grc' dir='ltr'>στόματος</span> <span class='ocrx_word' id='word_1_263' title='bbox 448 1595 466 1620; x_wconf 92' lang='grc' dir='ltr'>κ.</span> <span class='ocrx_word' id='word_1_264' title='bbox 475 1579 558 1633; x_wconf 85' lang='grc' dir='ltr'>γλώττης</span> <span class='ocrx_word' id='word_1_265' title='bbox 568 1579 655 1634; x_wconf 69' lang='grc' dir='ltr'>ἀπορρυῇ.</span> <span class='ocrx_word' id='word_1_266' title='bbox 672 1579 774 1637; x_wconf 73' lang='grc' dir='ltr'>Ἑκάτερον</span> <span class='ocrx_word' id='word_1_267' title='bbox 786 1584 807 1623; x_wconf 83' lang='grc' dir='ltr'>δὲ</span> <span class='ocrx_word' id='word_1_268' title='bbox 818 1582 864 1631; x_wconf 81' lang='grc' dir='ltr'>εἶδος</span> <span class='ocrx_word' id='word_1_269' title='bbox 870 1582 925 1637; x_wconf 90' lang='grc' dir='ltr'>λόγου</span> <span class='ocrx_word' id='word_1_270' title='bbox 935 1587 974 1637; x_wconf 83' lang='grc' dir='ltr'>βελ·</span> 
     </span>
     <span class='ocr_line' id='line_1_22' title="bbox 91 1647 973 1708; baseline -0.005 -11"><span class='ocrx_word' id='word_1_271' title='bbox 91 1657 178 1706; x_wconf 86' lang='grc' dir='ltr'>τιωθῆναι</span> <span class='ocrx_word' id='word_1_272' title='bbox 185 1651 243 1699; x_wconf 86' lang='grc' dir='ltr'>πολῦς</span> <span class='ocrx_word' id='word_1_273' title='bbox 250 1654 339 1697; x_wconf 85' lang='grc' dir='ltr'>πλοῦτος·</span> <span class='ocrx_word' id='word_1_274' title='bbox 354 1648 435 1690; x_wconf 79' lang='grc' dir='ltr'>διάνοιαν</span> <span class='ocrx_word' id='word_1_275' title='bbox 443 1665 461 1702; x_wconf 93' lang='grc' dir='ltr'>μ.</span> <span class='ocrx_word' id='word_1_276' title='bbox 472 1647 576 1704; x_wconf 82' lang='grc' dir='ltr'>εῦλογιστίηι</span> <span class='ocrx_word' id='word_1_277' title='bbox 587 1649 633 1703; x_wconf 83' lang='grc' dir='ltr'>πρὸς</span> <span class='ocrx_word' id='word_1_278' title='bbox 645 1648 708 1690; x_wconf 82' lang='grc' dir='ltr'>πάντα</span> <span class='ocrx_word' id='word_1_279' title='bbox 719 1673 744 1679; x_wconf 91' lang='grc'>-</span> <span class='ocrx_word' id='word_1_280' title='bbox 755 1654 860 1704; x_wconf 82' lang='grc' dir='ltr'>χρωμένην,</span> <span class='ocrx_word' id='word_1_281' title='bbox 879 1654 973 1708; x_wconf 73' lang='grc' dir='ltr'>προφορὰν</span> 
     </span>
     <span class='ocr_line' id='line_1_23' title="bbox 91 1716 973 1775; baseline -0.006 -9"><span class='ocrx_word' id='word_1_282' title='bbox 91 1727 112 1766; x_wconf 79' lang='grc' dir='ltr'>δὲ</span> <span class='ocrx_word' id='word_1_283' title='bbox 121 1723 156 1765; x_wconf 85' lang='grc' dir='ltr'>ῦπό</span> <span class='ocrx_word' id='word_1_284' title='bbox 164 1724 250 1768; x_wconf 77' lang='grc' dir='ltr'>παιδείας</span> <span class='ocrx_word' id='word_1_285' title='bbox 258 1719 311 1775; x_wconf 78' lang='grc' dir='ltr'>ὀρθῆς</span> <span class='ocrx_word' id='word_1_286' title='bbox 318 1718 451 1772; x_wconf 74' lang='grc' dir='ltr'>ἡνιοχουμένην.</span> <span class='ocrx_word' id='word_1_287' title='bbox 460 1741 488 1747; x_wconf 90' lang='grc'>-</span> <span class='ocrx_word' id='word_1_288' title='bbox 496 1731 512 1756; x_wconf 85' lang='lat' dir='ltr'><strong>v.</strong></span> <span class='ocrx_word' id='word_1_289' title='bbox 522 1720 555 1758; x_wconf 89' lang='grc'>31.</span> <span class='ocrx_word' id='word_1_290' title='bbox 564 1716 648 1771; x_wconf 78' lang='grc' dir='ltr'>εὐλογίαν</span> <span class='ocrx_word' id='word_1_291' title='bbox 656 1716 665 1758; x_wconf 84' lang='grc' dir='ltr'>ό</span> <span class='ocrx_word' id='word_1_292' title='bbox 676 1717 714 1765; x_wconf 84' lang='grc' dir='ltr'>θεός</span> <span class='ocrx_word' id='word_1_293' title='bbox 722 1717 755 1771; x_wconf 77' lang='grc' dir='ltr'>οῦχ</span> <span class='ocrx_word' id='word_1_294' title='bbox 763 1720 787 1759; x_wconf 76' lang='grc' dir='ltr'>ἑνὶ</span> <span class='ocrx_word' id='word_1_295' title='bbox 795 1718 848 1773; x_wconf 91' lang='grc' dir='ltr'>λόγου</span> <span class='ocrx_word' id='word_1_296' title='bbox 858 1721 948 1775; x_wconf 77' lang='grc' dir='ltr'>τμήματι,</span> <span class='ocrx_word' id='word_1_297' title='bbox 956 1738 973 1761; x_wconf 90' lang='grc' dir='ltr'>τ.</span> 
     </span>
     <span class='ocr_line' id='line_1_24' title="bbox 90 1785 974 1848; baseline -0.002 -14"><span class='ocrx_word' id='word_1_298' title='bbox 90 1796 112 1836; x_wconf 83' lang='grc' dir='ltr'>δὲ</span> <span class='ocrx_word' id='word_1_299' title='bbox 118 1798 189 1848; x_wconf 82' lang='grc' dir='ltr'>μέρεσιν</span> <span class='ocrx_word' id='word_1_300' title='bbox 194 1790 413 1845; x_wconf 79' lang='grc' dir='ltr'>οἱμροτέρυιςέπιπέμπει,</span> <span class='ocrx_word' id='word_1_301' title='bbox 418 1790 493 1828; x_wconf 74' lang='grc' dir='ltr'>δικαιοῦν</span> <span class='ocrx_word' id='word_1_302' title='bbox 501 1788 534 1827; x_wconf 84' lang='grc' dir='ltr'>καὶ</span> <span class='ocrx_word' id='word_1_303' title='bbox 543 1789 653 1840; x_wconf 75' lang='grc' dir='ltr'>ἐνθυμεῖσθαι</span> <span class='ocrx_word' id='word_1_304' title='bbox 657 1785 683 1827; x_wconf 80' lang='grc' dir='ltr'>τοὶ</span> <span class='ocrx_word' id='word_1_305' title='bbox 688 1790 781 1839; x_wconf 80' lang='grc' dir='ltr'>βελτιστα,</span> <span class='ocrx_word' id='word_1_306' title='bbox 786 1789 819 1829; x_wconf 84' lang='grc' dir='ltr'>καὶ</span> <span class='ocrx_word' id='word_1_307' title='bbox 827 1789 939 1843; x_wconf 79' lang='grc' dir='ltr'>ἐξαγγελλειν</span> <span class='ocrx_word' id='word_1_308' title='bbox 948 1790 974 1832; x_wconf 86' lang='grc' dir='ltr'>τοὶ</span> 
     </span>
     <span class='ocr_line' id='line_1_25' title="bbox 91 1854 974 1916; baseline -0.003 -12"><span class='ocrx_word' id='word_1_309' title='bbox 91 1866 178 1916; x_wconf 78' lang='grc' dir='ltr'>νοηθέντα</span> <span class='ocrx_word' id='word_1_310' title='bbox 185 1863 274 1906; x_wconf 81' lang='grc' dir='ltr'>δυνατῶς.</span> <span class='ocrx_word' id='word_1_311' title='bbox 288 1862 337 1909; x_wconf 88' lang='grc'>448,</span> <span class='ocrx_word' id='word_1_312' title='bbox 346 1861 380 1898; x_wconf 89' lang='grc'>33.</span> <span class='ocrx_word' id='word_1_313' title='bbox 398 1855 407 1897; x_wconf 88' lang='grc' dir='ltr'>ό</span> <span class='ocrx_word' id='word_1_314' title='bbox 416 1855 469 1910; x_wconf 90' lang='grc' dir='ltr'>λόγος</span> <span class='ocrx_word' id='word_1_315' title='bbox 476 1872 493 1897; x_wconf 92' lang='grc' dir='ltr'>τ.</span> <span class='ocrx_word' id='word_1_316' title='bbox 502 1854 623 1910; x_wconf 79' lang='grc' dir='ltr'>ἐνθυμήμασιν</span> <span class='ocrx_word' id='word_1_317' title='bbox 632 1855 717 1897; x_wconf 82' lang='grc' dir='ltr'>ῦπαντών</span> <span class='ocrx_word' id='word_1_318' title='bbox 726 1856 802 1911; x_wconf 78' lang='grc' dir='ltr'>ῥήματα</span> <span class='ocrx_word' id='word_1_319' title='bbox 808 1873 825 1899; x_wconf 91' lang='grc' dir='ltr'>κ.</span> <span class='ocrx_word' id='word_1_320' title='bbox 832 1856 914 1912; x_wconf 77' lang='grc' dir='ltr'>ὀνόματα</span> <span class='ocrx_word' id='word_1_321' title='bbox 921 1875 974 1915; x_wconf 84' lang='grc' dir='ltr'>προς-</span> 
     </span>
     <span class='ocr_line' id='line_1_26' title="bbox 94 1923 973 1986; baseline -0.007 -12"><span class='ocrx_word' id='word_1_322' title='bbox 94 1923 275 1986; x_wconf 78' lang='grc' dir='ltr'>τιθεὶςχαρόττειτοί</span> <span class='ocrx_word' id='word_1_323' title='bbox 286 1926 353 1980; x_wconf 67' lang='grc' dir='ltr'>α’ίσημα</span> <span class='ocrx_word' id='word_1_324' title='bbox 366 1924 390 1972; x_wconf 85' lang='grc' dir='ltr'>ώς</span> <span class='ocrx_word' id='word_1_325' title='bbox 399 1927 481 1978; x_wconf 78' lang='grc' dir='ltr'>ἐπίσημα</span> <span class='ocrx_word' id='word_1_326' title='bbox 489 1929 549 1967; x_wconf 85' lang='grc' dir='ltr'>ποιών.</span> <span class='ocrx_word' id='word_1_327' title='bbox 564 1929 618 1977; x_wconf 90' lang='grc'>489,</span> <span class='ocrx_word' id='word_1_328' title='bbox 634 1928 668 1968; x_wconf 89' lang='grc'>36.</span> <span class='ocrx_word' id='word_1_329' title='bbox 683 1924 720 1967; x_wconf 86' lang='grc' dir='ltr'>οίπό</span> <span class='ocrx_word' id='word_1_330' title='bbox 729 1925 822 1981; x_wconf 79' lang='grc' dir='ltr'>ανθρώπου</span> <span class='ocrx_word' id='word_1_331' title='bbox 836 1930 848 1968; x_wconf 93' lang='lat' dir='ltr'><strong>i.</strong></span> <span class='ocrx_word' id='word_1_332' title='bbox 862 1943 877 1969; x_wconf 84' lang='lat' dir='ltr'><strong>e.</strong></span> <span class='ocrx_word' id='word_1_333' title='bbox 885 1931 973 1982; x_wconf 82' lang='grc' dir='ltr'>λογισμοῦ</span> 
     </span>
     <span class='ocr_line' id='line_1_27' title="bbox 95 1994 973 2053; baseline -0.009 -10"><span class='ocrx_word' id='word_1_334' title='bbox 95 2017 114 2042; x_wconf 80' lang='grc' dir='ltr'>κ.</span> <span class='ocrx_word' id='word_1_335' title='bbox 121 2001 174 2053; x_wconf 89' lang='grc' dir='ltr'>λόγου</span> <span class='ocrx_word' id='word_1_336' title='bbox 183 2004 215 2048; x_wconf 80' lang='grc' dir='ltr'>ἕως</span> <span class='ocrx_word' id='word_1_337' title='bbox 222 1996 306 2050; x_wconf 81' lang='grc' dir='ltr'>κτίγνους,</span> <span class='ocrx_word' id='word_1_338' title='bbox 316 2019 344 2026; x_wconf 92' lang='grc'>-</span> <span class='ocrx_word' id='word_1_339' title='bbox 354 1995 404 2046; x_wconf 88' lang='grc'>533,</span> <span class='ocrx_word' id='word_1_340' title='bbox 418 1998 452 2036; x_wconf 88' lang='grc'>26.</span> <span class='ocrx_word' id='word_1_341' title='bbox 466 1994 487 2035; x_wconf 88' lang='grc' dir='ltr'>τό</span> <span class='ocrx_word' id='word_1_342' title='bbox 496 1999 566 2050; x_wconf 77' lang='grc' dir='ltr'>πρῶτον</span> <span class='ocrx_word' id='word_1_343' title='bbox 575 2011 594 2036; x_wconf 92' lang='grc' dir='ltr'>κ.</span> <span class='ocrx_word' id='word_1_344' title='bbox 602 1995 677 2050; x_wconf 80' lang='grc' dir='ltr'>ἄριστον</span> <span class='ocrx_word' id='word_1_345' title='bbox 691 1998 708 2036; x_wconf 82' lang='grc' dir='ltr'>ἐν</span> <span class='ocrx_word' id='word_1_346' title='bbox 718 1994 790 2050; x_wconf 73' lang='grc' dir='ltr'>ημῖν-ό</span> <span class='ocrx_word' id='word_1_347' title='bbox 799 1997 890 2053; x_wconf 86' lang='grc' dir='ltr'>λογισμός.</span> <span class='ocrx_word' id='word_1_348' title='bbox 906 2013 946 2050; x_wconf 83' lang='lat' dir='ltr'><strong>syn.</strong></span> <span class='ocrx_word' id='word_1_349' title='bbox 956 2011 973 2036; x_wconf 87' lang='lat' dir='ltr'><strong>v.</strong></span> 
     </span>
     <span class='ocr_line' id='line_1_28' title="bbox 97 2062 973 2120; baseline -0.005 -10"><span class='ocrx_word' id='word_1_350' title='bbox 97 2073 130 2111; x_wconf 92' lang='grc'>19.</span> <span class='ocrx_word' id='word_1_351' title='bbox 139 2074 184 2117; x_wconf 85' lang='grc' dir='ltr'>νοῦς.</span> <span class='ocrx_word' id='word_1_352' title='bbox 199 2070 253 2118; x_wconf 86' lang='grc'>556,</span> <span class='ocrx_word' id='word_1_353' title='bbox 268 2069 302 2108; x_wconf 90' lang='grc'>24.</span> <span class='ocrx_word' id='word_1_354' title='bbox 313 2082 330 2106; x_wconf 93' lang='grc' dir='ltr'>τ.</span> <span class='ocrx_word' id='word_1_355' title='bbox 340 2067 407 2107; x_wconf 78' lang='grc' dir='ltr'>ἑαυτοῦ</span> <span class='ocrx_word' id='word_1_356' title='bbox 417 2062 504 2118; x_wconf 87' lang='grc' dir='ltr'>δυνοίμεσι</span> <span class='ocrx_word' id='word_1_357' title='bbox 513 2063 572 2105; x_wconf 86' lang='grc' dir='ltr'>-τό</span> <span class='ocrx_word' id='word_1_358' title='bbox 583 2064 646 2117; x_wconf 87' lang='grc' dir='ltr'>θνητόν</span> <span class='ocrx_word' id='word_1_359' title='bbox 655 2063 707 2118; x_wconf 72' lang='grc' dir='ltr'>ἡμῶν</span> <span class='ocrx_word' id='word_1_360' title='bbox 718 2081 736 2106; x_wconf 84' lang='grc' dir='ltr'>τ.</span> <span class='ocrx_word' id='word_1_361' title='bbox 745 2067 806 2120; x_wconf 80' lang='grc' dir='ltr'>ψυχῆς</span> <span class='ocrx_word' id='word_1_362' title='bbox 819 2070 878 2110; x_wconf 82' lang='grc' dir='ltr'>ἐδωκε</span> <span class='ocrx_word' id='word_1_363' title='bbox 894 2066 912 2117; x_wconf 85' lang='grc' dir='ltr'>(ὁ</span> <span class='ocrx_word' id='word_1_364' title='bbox 926 2067 973 2118; x_wconf 80' lang='grc' dir='ltr'>θεὸς)</span> 
     </span>
     <span class='ocr_line' id='line_1_29' title="bbox 95 2131 973 2191; baseline -0.005 -11"><span class='ocrx_word' id='word_1_365' title='bbox 95 2136 223 2189; x_wconf 75' lang='grc' dir='ltr'>διαπλάττειν,</span> <span class='ocrx_word' id='word_1_366' title='bbox 239 2139 359 2191; x_wconf 83' lang='grc' dir='ltr'>μιμουμέναις</span> <span class='ocrx_word' id='word_1_367' title='bbox 371 2150 388 2175; x_wconf 92' lang='grc' dir='ltr'>τ.</span> <span class='ocrx_word' id='word_1_368' title='bbox 403 2132 461 2175; x_wconf 75' lang='grc' dir='ltr'>αὑτοῦ</span> <span class='ocrx_word' id='word_1_369' title='bbox 475 2137 549 2186; x_wconf 84' lang='grc' dir='ltr'>τέχνην,</span> <span class='ocrx_word' id='word_1_370' title='bbox 564 2131 622 2186; x_wconf 75' lang='grc' dir='ltr'>ἡνίκα</span> <span class='ocrx_word' id='word_1_371' title='bbox 636 2133 658 2175; x_wconf 92' lang='grc' dir='ltr'>τό</span> <span class='ocrx_word' id='word_1_372' title='bbox 671 2132 744 2187; x_wconf 83' lang='grc' dir='ltr'>λογικόν</span> <span class='ocrx_word' id='word_1_373' title='bbox 759 2136 777 2175; x_wconf 79' lang='grc' dir='ltr'>ἐν</span> <span class='ocrx_word' id='word_1_374' title='bbox 788 2134 832 2190; x_wconf 77' lang='grc' dir='ltr'>ἡμῖν</span> <span class='ocrx_word' id='word_1_375' title='bbox 843 2135 932 2191; x_wconf 79' lang='grc' dir='ltr'>ἐμόρρου·</span> <span class='ocrx_word' id='word_1_376' title='bbox 947 2140 973 2177; x_wconf 89' lang='grc' dir='ltr'>δι-</span> 
     </span>
     <span class='ocr_line' id='line_1_30' title="bbox 94 2201 972 2263; baseline -0.003 -13"><span class='ocrx_word' id='word_1_377' title='bbox 94 2210 154 2251; x_wconf 77' lang='grc' dir='ltr'>καιῶν</span> <span class='ocrx_word' id='word_1_378' title='bbox 164 2204 198 2246; x_wconf 84' lang='grc' dir='ltr'>ὑπό</span> <span class='ocrx_word' id='word_1_379' title='bbox 209 2223 226 2260; x_wconf 78' lang='grc' dir='ltr'>γι.</span> <span class='ocrx_word' id='word_1_380' title='bbox 234 2205 323 2259; x_wconf 79' lang='grc' dir='ltr'>ἡγεμόνος</span> <span class='ocrx_word' id='word_1_381' title='bbox 331 2204 352 2247; x_wconf 86' lang='grc' dir='ltr'>τό</span> <span class='ocrx_word' id='word_1_382' title='bbox 362 2202 471 2258; x_wconf 76' lang='grc' dir='ltr'>ἡγεμονεῦον</span> <span class='ocrx_word' id='word_1_383' title='bbox 480 2205 498 2243; x_wconf 88' lang='grc' dir='ltr'>ε’ν</span> <span class='ocrx_word' id='word_1_384' title='bbox 509 2204 568 2258; x_wconf 73' lang='grc' dir='ltr'>ψυχῇ,</span> <span class='ocrx_word' id='word_1_385' title='bbox 582 2202 604 2244; x_wconf 90' lang='grc' dir='ltr'>τό</span> <span class='ocrx_word' id='word_1_386' title='bbox 613 2202 629 2244; x_wconf 89' lang='grc' dir='ltr'>δ’</span> <span class='ocrx_word' id='word_1_387' title='bbox 639 2201 721 2263; x_wconf 77' lang='grc' dir='ltr'>ὑπήκοον</span> <span class='ocrx_word' id='word_1_388' title='bbox 733 2202 779 2259; x_wconf 87' lang='grc' dir='ltr'>πρός</span> <span class='ocrx_word' id='word_1_389' title='bbox 789 2204 876 2258; x_wconf 79' lang='grc' dir='ltr'>ὑπηκόων</span> <span class='ocrx_word' id='word_1_390' title='bbox 888 2207 972 2262; x_wconf 90' lang='grc' dir='ltr'>δημιουρ-</span> 
     </span>
     <span class='ocr_line' id='line_1_31' title="bbox 93 2271 972 2331; baseline -0.003 -13"><span class='ocrx_word' id='word_1_391' title='bbox 93 2280 171 2331; x_wconf 82' lang='grc' dir='ltr'>γείσθαι.</span> <span class='ocrx_word' id='word_1_392' title='bbox 187 2278 234 2326; x_wconf 88' lang='grc'>636,</span> <span class='ocrx_word' id='word_1_393' title='bbox 250 2278 281 2317; x_wconf 94' lang='grc'>12.</span> <span class='ocrx_word' id='word_1_394' title='bbox 292 2299 321 2307; x_wconf 97' lang='grc'><strong>-</strong></span> <span class='ocrx_word' id='word_1_395' title='bbox 331 2278 379 2326; x_wconf 87' lang='grc'>638,</span> <span class='ocrx_word' id='word_1_396' title='bbox 395 2277 414 2316; x_wconf 87' lang='grc'>9,</span> <span class='ocrx_word' id='word_1_397' title='bbox 426 2275 529 2313; x_wconf 83' lang='lat' dir='ltr'><strong>encomium</strong></span> <span class='ocrx_word' id='word_1_398' title='bbox 542 2271 597 2328; x_wconf 93' lang='grc' dir='ltr'>λόγου</span> <span class='ocrx_word' id='word_1_399' title='bbox 608 2275 678 2326; x_wconf 77' lang='lat' dir='ltr'>legitur</span> <span class='ocrx_word' id='word_1_400' title='bbox 689 2288 706 2326; x_wconf 79' lang='lat' dir='ltr'><strong>V.</strong></span> <span class='ocrx_word' id='word_1_401' title='bbox 716 2288 732 2315; x_wconf 85' lang='lat' dir='ltr'><strong>c.</strong></span> <span class='ocrx_word' id='word_1_402' title='bbox 740 2273 827 2328; x_wconf 79' lang='grc' dir='ltr'>ἀνθρώπῳ</span> <span class='ocrx_word' id='word_1_403' title='bbox 835 2272 888 2325; x_wconf 86' lang='grc' dir='ltr'>λόγος</span> <span class='ocrx_word' id='word_1_404' title='bbox 895 2273 972 2330; x_wconf 84' lang='grc' dir='ltr'>δώρημα</span> 
     </span>
     <span class='ocr_line' id='line_1_32' title="bbox 93 2341 972 2400; baseline -0.003 -11"><span class='ocrx_word' id='word_1_405' title='bbox 93 2346 195 2389; x_wconf 89' lang='grc' dir='ltr'>κοίλλιστον</span> <span class='ocrx_word' id='word_1_406' title='bbox 208 2343 259 2396; x_wconf 78' lang='grc' dir='ltr'>ἐδόθη</span> <span class='ocrx_word' id='word_1_407' title='bbox 266 2345 317 2400; x_wconf 83' lang='grc' dir='ltr'>παραὶ</span> <span class='ocrx_word' id='word_1_408' title='bbox 327 2349 371 2387; x_wconf 83' lang='grc' dir='ltr'>θεοῦ.</span> <span class='ocrx_word' id='word_1_409' title='bbox 386 2349 412 2396; x_wconf 93' lang='grc'>2,</span> <span class='ocrx_word' id='word_1_410' title='bbox 428 2346 453 2395; x_wconf 88' lang='grc'>7,</span> <span class='ocrx_word' id='word_1_411' title='bbox 469 2345 501 2385; x_wconf 91' lang='grc'>14.</span> <span class='ocrx_word' id='word_1_412' title='bbox 513 2343 533 2384; x_wconf 86' lang='grc' dir='ltr'>τό</span> <span class='ocrx_word' id='word_1_413' title='bbox 544 2347 587 2393; x_wconf 83' lang='grc' dir='ltr'>ζώον</span> <span class='ocrx_word' id='word_1_414' title='bbox 595 2342 617 2385; x_wconf 85' lang='grc' dir='ltr'>τὸ</span> <span class='ocrx_word' id='word_1_415' title='bbox 627 2343 701 2398; x_wconf 80' lang='grc' dir='ltr'>όίριστον</span> <span class='ocrx_word' id='word_1_416' title='bbox 714 2341 760 2383; x_wconf 81' lang='grc' dir='ltr'>εἶναι</span> <span class='ocrx_word' id='word_1_417' title='bbox 770 2345 827 2383; x_wconf 86' lang='grc' dir='ltr'>δοκών</span> <span class='ocrx_word' id='word_1_418' title='bbox 837 2358 855 2384; x_wconf 92' lang='grc' dir='ltr'>κ.</span> <span class='ocrx_word' id='word_1_419' title='bbox 867 2347 972 2398; x_wconf 86' lang='grc' dir='ltr'>συγγενείας</span> 
     </span>
     <span class='ocr_line' id='line_1_33' title="bbox 94 2411 971 2469; baseline -0.003 -11"><span class='ocrx_word' id='word_1_420' title='bbox 94 2416 169 2466; x_wconf 83' lang='grc' dir='ltr'>ἀξιωθὲν</span> <span class='ocrx_word' id='word_1_421' title='bbox 178 2417 214 2467; x_wconf 80' lang='grc' dir='ltr'>τῆς</span> <span class='ocrx_word' id='word_1_422' title='bbox 224 2411 270 2468; x_wconf 80' lang='grc' dir='ltr'>πρὸς</span> <span class='ocrx_word' id='word_1_423' title='bbox 281 2413 335 2455; x_wconf 78' lang='grc' dir='ltr'>αὐτόν</span> <span class='ocrx_word' id='word_1_424' title='bbox 350 2417 375 2468; x_wconf 87' lang='grc' dir='ltr'>(τ.</span> <span class='ocrx_word' id='word_1_425' title='bbox 386 2414 433 2466; x_wconf 76' lang='grc' dir='ltr'>θεὸν)</span> <span class='ocrx_word' id='word_1_426' title='bbox 448 2415 502 2454; x_wconf 80' lang='grc' dir='ltr'>ἕνεκα</span> <span class='ocrx_word' id='word_1_427' title='bbox 510 2417 545 2466; x_wconf 75' lang='grc' dir='ltr'>τῆς</span> <span class='ocrx_word' id='word_1_428' title='bbox 557 2416 575 2455; x_wconf 83' lang='grc' dir='ltr'>ἐν</span> <span class='ocrx_word' id='word_1_429' title='bbox 584 2430 601 2455; x_wconf 92' lang='grc' dir='ltr'>τ.</span> <span class='ocrx_word' id='word_1_430' title='bbox 611 2412 659 2469; x_wconf 77' lang='grc' dir='ltr'>λόγῳ</span> <span class='ocrx_word' id='word_1_431' title='bbox 670 2413 769 2459; x_wconf 87' lang='grc' dir='ltr'>κοινωνίας.</span> <span class='ocrx_word' id='word_1_432' title='bbox 784 2415 810 2464; x_wconf 91' lang='grc'>2,</span> <span class='ocrx_word' id='word_1_433' title='bbox 826 2413 878 2466; x_wconf 88' lang='grc'>154,</span> <span class='ocrx_word' id='word_1_434' title='bbox 895 2417 927 2457; x_wconf 94' lang='lat'><strong>18.</strong></span> <span class='ocrx_word' id='word_1_435' title='bbox 943 2430 971 2466; x_wconf 89' lang='lat' dir='ltr'>sq·</span> 
     </span>
     <span class='ocr_line' id='line_1_34' title="bbox 34 2470 971 2540; baseline -0.003 -13"><span class='ocrx_word' id='word_1_436' title='bbox 34 2494 36 2499; x_wconf 89' lang='lat'>&#39;</span> <span class='ocrx_word' id='word_1_437' title='bbox 93 2486 155 2533; x_wconf 81' lang='grc' dir='ltr'>διττός</span> <span class='ocrx_word' id='word_1_438' title='bbox 165 2484 173 2526; x_wconf 86' lang='grc' dir='ltr'>ό</span> <span class='ocrx_word' id='word_1_439' title='bbox 182 2484 236 2539; x_wconf 89' lang='grc' dir='ltr'>λόγος</span> <span class='ocrx_word' id='word_1_440' title='bbox 243 2485 261 2523; x_wconf 74' lang='grc' dir='ltr'>ἔν</span> <span class='ocrx_word' id='word_1_441' title='bbox 271 2497 292 2522; x_wconf 87' lang='grc' dir='ltr'>τε</span> <span class='ocrx_word' id='word_1_442' title='bbox 300 2497 317 2522; x_wconf 89' lang='grc' dir='ltr'>τ.</span> <span class='ocrx_word' id='word_1_443' title='bbox 325 2486 379 2525; x_wconf 83' lang='grc' dir='ltr'>παντί</span> <span class='ocrx_word' id='word_1_444' title='bbox 388 2485 421 2526; x_wconf 85' lang='grc' dir='ltr'>καὶ</span> <span class='ocrx_word' id='word_1_445' title='bbox 428 2486 446 2525; x_wconf 78' lang='grc' dir='ltr'>ἐν</span> <span class='ocrx_word' id='word_1_446' title='bbox 455 2481 547 2538; x_wconf 79' lang='grc' dir='ltr'>ἀνθρώπου</span> <span class='ocrx_word' id='word_1_447' title='bbox 556 2482 615 2538; x_wconf 82' lang='grc' dir='ltr'>φῦσα.</span> <span class='ocrx_word' id='word_1_448' title='bbox 621 2505 646 2511; x_wconf 89' lang='grc'>-</span> <span class='ocrx_word' id='word_1_449' title='bbox 652 2494 670 2519; x_wconf 83' lang='lat' dir='ltr'><strong>v.</strong></span> <span class='ocrx_word' id='word_1_450' title='bbox 678 2481 712 2522; x_wconf 85' lang='lat'>25.</span> <span class='ocrx_word' id='word_1_451' title='bbox 723 2484 740 2523; x_wconf 78' lang='grc' dir='ltr'>ἐν</span> <span class='ocrx_word' id='word_1_452' title='bbox 749 2480 834 2540; x_wconf 76' lang='grc' dir='ltr'>ἀνθρώπω</span> <span class='ocrx_word' id='word_1_453' title='bbox 842 2483 857 2525; x_wconf 86' lang='grc' dir='ltr'>δ’</span> <span class='ocrx_word' id='word_1_454' title='bbox 867 2482 876 2525; x_wconf 87' lang='grc' dir='ltr'>ό</span> <span class='ocrx_word' id='word_1_455' title='bbox 886 2488 917 2538; x_wconf 81' lang='grc' dir='ltr'>μέν</span> <span class='ocrx_word' id='word_1_456' title='bbox 923 2470 971 2526; x_wconf 79' lang='grc' dir='ltr'>ἐστιν</span> 
     </span>
     <span class='ocr_line' id='line_1_35' title="bbox 94 2548 970 2607; baseline 0 -11"><span class='ocrx_word' id='word_1_457' title='bbox 94 2553 205 2607; x_wconf 77' lang='grc' dir='ltr'>ἐνδιάθετος,</span> <span class='ocrx_word' id='word_1_458' title='bbox 221 2552 259 2595; x_wconf 82' lang='grc' dir='ltr'>όδὲ</span> <span class='ocrx_word' id='word_1_459' title='bbox 268 2552 385 2606; x_wconf 70' lang='grc' dir='ltr'>προρορικός</span> <span class='ocrx_word' id='word_1_460' title='bbox 400 2555 433 2595; x_wconf 84' lang='grc' dir='ltr'>καὶ</span> <span class='ocrx_word' id='word_1_461' title='bbox 442 2551 450 2594; x_wconf 89' lang='grc' dir='ltr'>ό</span> <span class='ocrx_word' id='word_1_462' title='bbox 460 2568 479 2606; x_wconf 85' lang='grc' dir='ltr'>μ.</span> <span class='ocrx_word' id='word_1_463' title='bbox 494 2550 524 2594; x_wconf 88' lang='grc' dir='ltr'>οἷοί</span> <span class='ocrx_word' id='word_1_464' title='bbox 532 2570 560 2602; x_wconf 91' lang='grc' dir='ltr'>τις</span> <span class='ocrx_word' id='word_1_465' title='bbox 567 2552 631 2607; x_wconf 73' lang='grc' dir='ltr'>πηγὴ,</span> <span class='ocrx_word' id='word_1_466' title='bbox 646 2548 655 2591; x_wconf 83' lang='grc' dir='ltr'>ό</span> <span class='ocrx_word' id='word_1_467' title='bbox 670 2551 690 2592; x_wconf 83' lang='grc' dir='ltr'>δὲ</span> <span class='ocrx_word' id='word_1_468' title='bbox 702 2551 779 2606; x_wconf 77' lang='grc' dir='ltr'>γεγωνὸς</span> <span class='ocrx_word' id='word_1_469' title='bbox 794 2552 825 2595; x_wconf 82' lang='grc' dir='ltr'>ἀπ’</span> <span class='ocrx_word' id='word_1_470' title='bbox 835 2556 904 2596; x_wconf 79' lang='grc' dir='ltr'>ἐκείνου</span> <span class='ocrx_word' id='word_1_471' title='bbox 919 2555 970 2607; x_wconf 78' lang='grc' dir='ltr'>ῥέων·</span> 
     </span>
    </p>
   </div>
   <div class='ocr_carea' id='block_1_3' title="bbox 0 0 1115 3048">
    <p class='ocr_par' dir='ltr' id='par_1_3' title="bbox 0 0 1115 3048">
     <span class='ocr_line' id='line_1_36' title="bbox 0 0 1115 3048; baseline 0 0"><span class='ocrx_word' id='word_1_472' title='bbox 0 0 1115 3048; x_wconf 95' lang='lat' dir='ltr'> </span> 
     </span>
    </p>
   </div>
  </div>
 </body>
</html>
